3562 5456
866 773 989 852 XVII.

579 929 688 999 Velox
710 950 883 998 amoenum
904 951 1005 1018 saepe
1026 929 1229 999 Lucretilem

578 1042 692 1111 Mutat
712 1041 848 1131 Lycaeo
870 1039 1006 1109 Faunus
1029 1048 1064 1110 et
1083 1043 1216 1129 igneam

621 1154 785 1223 Defendit
803 1161 966 1222 aestatem
988 1155 1125 1243 capellis

664 1266 778 1357 Vsque
800 1265 883 1335 meis
903 1266 1098 1357 pluviosque
1121 1273 1248 1336 ventos.

579 1456 707 1544 Inpune
729 1461 837 1524 totum
858 1478 920 1545 per
938 1479 1054 1525 nemus
1076 1459 1213 1528 arbutos

581 1567 754 1650 Quaerunt
774 1569 920 1638 latentes
943 1575 978 1637 et
997 1571 1115 1659 thyma
1137 1570 1253 1638 deviae

624 1678 755 1748 Olentis
776 1704 896 1749 uxores
920 1683 1033 1750 meriti

666 1792 738 1862 Nec
758 1793 885 1862 virides
905 1800 1059 1863 metuunt
1081 1795 1233 1864 colubras

580 1981 651 2050 Nec
672 1982 843 2050 martiales
864 1982 1039 2052 Haediliae
1060 1985 1164 2075 lupos,

579 2094 767 2184 Vtcumque
790 2094 887 2177 dulci,
909 2095 1067 2184 Tyndari,
1088 2098 1201 2167 fistula

622 2207 737 2275 Valles
759 2213 795 2274 et
815 2207 949 2275 Vsticsc
971 2210 1124 2278 euhantis

665 2318 772 2388 Levia
791 2341 993 2409 personuere
1014 2345 1106 2391 saxa

579 2508 624 2575 Di
646 2515 865 2592 metuantur,
888 2509 939 2578 dis
960 2511 1071 2600 pietas
1091 2535 1165 2581 mea

580 2621 627 2687 Et
647 2644 741 2688 musa
764 2621 896 2690 ccrdist.
941 2621 1006 2691 Hic
1025 2624 1088 2690 tibi
1111 2626 1205 2714 copia

622 2733 774 2801 Manebit
795 2733 838 2801 ad
859 2735 992 2823 plenum
1012 2736 1155 2824 benigno

665 2844 768 2913 Ruris
789 2845 950 2914 honorum
972 2848 1130 2936 opulenta
1149 2873 1259 2918 cornu.

579 3035 644 3104 Hic
665 3035 700 3102 in
720 3035 858 3104 reducta
880 3036 968 3106 valle
992 3035 1169 3106 Caniculae

578 3148 713 3218 Vitabis
735 3155 849 3217 aestus
872 3155 907 3217 et
929 3149 994 3216 fide
1016 3149 1097 3219 Teia

621 3260 722 3329 Dices
743 3262 935 3330 laborantes
956 3262 991 3330 in
1013 3287 1078 3330 uno

663 3372 852 3463 Penelopen
872 3375 1078 3464 vitreamque
1101 3373 1233 3462 Circam

577 3561 642 3630 Hic
663 3563 849 3631 innocentis
869 3563 988 3652 pocula
1010 3562 1124 3632 Lesbii

578 3675 690 3744 Duces
712 3676 772 3743 sub
793 3675 917 3757 umbra,
939 3697 1000 3771 nec
1021 3675 1203 3746 Semeleius
1320 3671 1322 3677 ¹

622 3784 705 3856 Cum
726 3787 836 3855 Marte
859 3788 1038 3856 confundet
1058 3789 1238 3880 Thyoneus

664 3899 803 3982 Proelia
825 3921 887 3967 nec
908 3906 1036 3968 metues
1058 3907 1251 3989 protervum

579 4089 741 4179 Suspecta
761 4087 894 4180 Cyrum,
917 4111 959 4157 ns
981 4091 1067 4158 male
1090 4091 1215 4182 dispari

577 4203 827 4270 Inoontineutas
848 4201 966 4271 iniciat
987 4227 1102 4272 manus

620 4315 667 4383 Et
688 4313 820 4383 scindat
840 4315 1033 4384 haerentem
1055 4340 1207 4386 coronam

665 4426 820 4496 Crinibus
841 4427 1093 4520 inmeritamque
1116 4438 1251 4499 vestem.

822 4649 1026 4664 Διι-ῌ-ια-ῌ
