3566 5460
769 482 886 544 LIBER
906 485 955 544 ΙΠ.

501 663 575 734 Hac
596 671 670 733 arte
693 665 813 734 Pollux
836 675 872 736 et
892 692 1000 756 vagus
1021 670 1183 740 Hercules

500 775 624 844 Enisus
642 800 734 845 arces
758 779 877 866 attigit
899 781 1031 868 igneas3

544 887 635 969 Quos
656 890 746 956 inter
767 889 943 978 Augustus
964 894 1156 962 recumbens

585 1000 758 1088 Purpureo
779 1003 872 1071 bibet
894 1027 950 1072 ore
973 1011 1096 1073 nectar.

500 1189 572 1257 Hac
593 1196 629 1256 te
651 1199 841 1272 merentem,
864 1193 995 1261 Bacche
1017 1201 1124 1283 pater,
1145 1203 1225 1264 tuac

499 1299 631 1368 Vexere
653 1302 768 1388 tigres,
791 1302 927 1370 indocili
948 1305 1063 1392 iugum

543 1411 635 1479 Collo
658 1413 849 1500 trabentes3
872 1415 935 1483 hac
958 1416 1116 1498 Quirinus

583 1523 704 1592 Martis
726 1527 821 1615 equis
840 1525 1035 1597 Acheronta
1056 1530 1153 1616 fugit,

499 1709 640 1779 Gratum
662 1713 794 1782 elocuta
817 1716 1067 1785 consiliantibus

497 1823 622 1892 Iunone
645 1824 747 1893 divis:
770 1822 880 1906 ‘Ilion
900 1827 986 1895 Ilion

540 1933 669 2002 Fatalis
691 1937 903 2028 incestusque
925 1940 1025 2008 iudex

581 2047 629 2114 Et
650 2049 768 2116 mulier
790 2052 968 2138 peregrina
991 2053 1097 2120 vertit

496 2249 548 2338 [In
568 2254 748 2341 pulverem,
772 2277 812 2322 ex
835 2279 898 2345 quo
921 2257 1080 2325 destituit
1102 2259 1181 2327 deos

495 2363 649 2433 Mercede
671 2372 772 2454 pacta
794 2367 992 2449 Laomedon,
1017 2370 1099 2436 mihi

538 2474 726 2566 castaeque
751 2479 942 2547 damnatum
965 2480 1136 2549 Minervae

581 2587 662 2656 Cum
685 2590 806 2679 populo
828 2597 863 2659 et
883 2592 966 2659 duce
990 2591 1224 2680 fraudulento]

492 2794 563 2862 Iam
585 2817 646 2862 nec
667 2795 840 2863 Lacaenae
862 2797 1018 2886 splendet
1040 2799 1214 2866 adulterae

493 2905 654 2974 Famosns
676 2907 798 2994 hospes
820 2929 880 2975 nec
902 2908 1027 2976 Priami
1048 2909 1163 2978 domus

534 3017 676 3085 Periura
697 3041 866 3106 pugnaces
889 3020 1036 3088 Achivos

577 3129 754 3198 Hectoreis
777 3131 894 3220 opibus
914 3132 1079 3219 refringit

490 3334 688 3425 Nostrisque
712 3335 846 3403 ductum
869 3337 1088 3404 seditionibus.

490 3445 621 3514 Bellum
643 3446 777 3515 resedit.
821 3448 979 3516 Protinus
1001 3457 1036 3516 et
1058 3471 1179 3536 graves

533 3559 606 3626 Irus
629 3567 665 3626 et
686 3559 830 3627 invisum
852 3567 1015 3649 nepotem,

575 3669 696 3738 'lboica
718 3693 814 3760 quem
837 3672 970 3760 peperit
991 3672 1153 3754 sacerdos,

489 3875 593 3943 Marti
615 3876 798 3962 redonab0;
819 3875 913 3943 illum
933 3898 994 3962 ego
1017 3876 1145 3945 lucidas

489 3987 579 4056 Inire
602 3988 707 4069 sedes,
729 3988 848 4056 ducere
871 3989 1017 4055 nectaris

531 4098 635 4166 S‘ncos
657 4105 692 4166 et
714 4099 859 4167 adscribi
881 4099 1003 4189 quietis

573 4210 753 4278 Ordinibus
772 4211 885 4300 patiar
908 4210 1051 4277 deorum.

373 4491 379 4516 .
488 4413 576 4482 Dum
597 4416 716 4502 longus
739 4415 828 4482 inter
850 4415 999 4483 lsaeviat
1020 4417 1107 4484 Ilion

487 4527 690 4616 Romamque
712 4532 844 4616 pontus,
869 4527 1020 4616 qualibet
1042 4530 1173 4597 exsules

530 4639 569 4704 In
589 4645 687 4726 parte
709 4645 873 4723 regnanto
895 4639 1003 4720 beati;

572 4750 677 4816 *Dum
699 4749 825 4817 Priami
847 4749 1046 4838 Paridisque
1068 4752 1164 4818 busto
