3562 5456
802 466 1006 534 CARMINVM

495 655 560 724 Hic
581 655 693 724 vivum
715 656 796 724 mihi
817 657 1005 746 caespitem,
1027 656 1080 724 bic

537 767 717 850 Verbanus,
738 769 842 858 pueri,
865 768 979 856 ponite
1001 775 1142 858 turaque

493 880 582 946 Bimi
603 903 676 948 cum
697 887 815 969 patera
833 881 930 948 meri:

536 991 685 1060 Mactata
706 992 820 1060 veniet
840 992 947 1060 lenior
968 992 1087 1062 hostia.

860 1347 945 1423 XX

813 1503 831 1540 *
975 1504 993 1541 *

894 1549 912 1588 *

495 1631 572 1700 Vile
592 1630 725 1721 potabis
744 1631 880 1700 modicis
901 1631 1059 1718 Sabinum

496 1742 685 1827 Canthen's,
708 1741 838 1814 Graeca
858 1744 946 1834 quod
968 1767 1030 1832 ego
1052 1745 1124 1834 ipse
1150 1749 1242 1812 testa

496 1855 674 1924 Conditnm
693 1854 770 1938 levi
792 1855 891 1924 datus
912 1859 947 1924 in
968 1857 1101 1925 theatro

539 1967 621 2036 Cum
643 1969 706 2037 tibi
727 1968 871 2058 plausus,

496 2123 594 2191 Clare
615 2123 791 2192 Maecenas
813 2145 922 2214 eques,
943 2129 982 2191 ut
1002 2123 1134 2214 paterni

496 2235 658 2303 Fluminis
679 2236 773 2325 ripae
793 2235 890 2303 simul
911 2241 946 2302 et
968 2236 1078 2303 iocosa

496 2347 669 2415 Redderet
688 2347 805 2416 laudes
824 2348 888 2414 tibi
909 2347 1070 2416 Vaticani

538 2458 663 2528 Montis
686 2459 804 2547 imago.

498 2612 684 2682 Caecubum
707 2621 742 2682 et
765 2616 857 2704 prelo
880 2614 1038 2682 denuitam
1061 2613 1184 2682 Caleno

499 2726 567 2793 †Tn
588 2724 681 2794 bibes
702 2749 818 2793 uvam:
839 2750 914 2796 mea
933 2749 994 2795 nec
1014 2727 1179 2796 Falernae

497 2837 705 2926 Praeparant
725 2839 813 2907 vites
832 2861 938 2928 neque
961 2839 1129 2907 Formiani

539 2949 664 3019 Pocula
684 2950 793 3019 colles.

857 3297 962 3375 XXI.

499 3449 641 3517 Dianam
664 3455 800 3519 tenerae
823 3449 924 3519 dicite
946 3451 1103 3538 virgines,

499 3560 678 3644 Intonsum,
699 3561 802 3651 pueri,
825 3562 926 3631 dicite
949 3561 1139 3652 Cynthium,

543 3673 772 3764 Latonamque
795 3695 946 3764 supremo

585 3783 753 3852 Dilectum
774 3785 909 3874 penitus
930 3788 1012 3855 Iovi.

500 3956 569 4024 Vos
591 3957 715 4024 laetam
735 3957 846 4026 fluviis
868 3966 904 4026 ot
925 3980 1093 4028 nemorum
1117 3982 1217 4042 coma,

503 4067 734 4159 Quaecumque
761 4076 820 4137 aut
841 4070 969 4158 lgelido
999 4071 1164 4161 prominet
1186 4071 1320 4160 Algido,

543 4180 659 4268 Nigris
681 4188 740 4249 aut
761 4181 964 4271 Erymanthi

586 4291 687 4361 Silvis
708 4300 768 4361 aut
789 4293 907 4362 vin‘dis
928 4294 1044 4383 Cragi;

501 4464 570 4534 Vos
591 4464 714 4556 Tempe
735 4467 875 4535 totidem
897 4467 1009 4536 tollite
1030 4467 1185 4537 laudibus

502 4577 730 4668 Natalemque,
751 4601 867 4660 mares,
890 4579 999 4648 Delon
1019 4580 1194 4669 Apollinis,

544 4689 774 4781 Insignemque
795 4691 956 4780 pharetra

586 4801 815 4892 Fraternaqua
839 4803 1006 4871 lumamm
1027 4803 1112 4894 lyra.
