3566 5460
779 459 895 522 LIBER
916 461 966 522 ΠΙ.

462 640 666 732 Quamquam
688 665 749 711 nec
772 642 936 712 Calabrae
959 647 1058 713 mella
1077 647 1191 714 ferunt
1213 670 1293 736 apes

462 753 531 822 Nec
554 755 807 844 Laestrygonia
826 756 977 824 Bacchus
1000 758 1034 824 in
1057 759 1217 846 amphora

505 865 708 952 Lengmescit
729 867 810 934 mihi
833 891 894 936 nec
916 869 1054 956 pinguia
1077 868 1217 937 Gallicis

546 976 710 1046 Crescunt
731 979 859 1046 vellera
879 980 1029 1068 pascuis:

459 1166 645 1257 Inportuna
665 1172 779 1235 tamen
801 1169 977 1256 pauperies
1000 1171 1104 1250 abest

459 1277 530 1346 Nec
552 1279 582 1346 si
601 1279 699 1367 plura
720 1279 822 1346 velim
843 1285 882 1346 tu
904 1279 985 1348 dare
1008 1281 1160 1369 deneges.

503 1387 685 1458 Contracto
707 1391 825 1458 melius
845 1414 952 1479 parva
974 1393 1129 1482 cupidine

545 1501 736 1589 Vectigalia
757 1502 933 1590 porrigam,

459 1688 567 1772 Quam
588 1691 617 1758 si
639 1691 832 1780 Mygdoniis
855 1713 994 1778 regnum
1016 1691 1173 1781 Alyattei

459 1801 593 1890 Campis
617 1803 814 1870 continuem.
857 1803 966 1870 Multa
988 1805 1181 1893 petentibus

501 1915 634 1981 Desunt
657 1916 776 1982 multa:
799 1917 924 1996 bencst,
948 1917 1000 1982 cui
1023 1915 1105 1984 deus
1128 1918 1249 1985 obtulit

543 2023 652 2094 Parca
672 2027 761 2116 quod
784 2026 869 2094 satis
890 2032 944 2094 est
965 2051 1073 2094 manu.

768 2277 972 2290 ——1-2—

809 2475 931 2550 XVII.

457 2627 537 2694 Aeli
559 2633 693 2696 vetusto
715 2628 836 2695 nobilis
859 2629 899 2694 ab
923 2628 1034 2710 Lamo,

458 2737 610 2826 [Quando
634 2745 670 2808 et
691 2741 820 2829 priores
842 2741 920 2808 hinc
941 2740 1076 2808 Lamiae
1097 2741 1210 2808 ferunt

500 2852 740 2920 Denominatos
762 2858 798 2920 et
819 2857 977 2941 nepotum

543 2962 609 3030 Per
630 2985 791 3031 memores
814 2986 919 3050 genus
942 2986 1035 3031 omne
1058 2965 1180 3048 fastos;

458 3151 606 3220 Auctore
629 3153 670 3218 ab
693 3153 751 3218 illo
775 3152 867 3219 ducis
890 3151 1071 3238 originem]

459 3261 525 3345 Qui
546 3263 753 3331 Formiarum
775 3264 906 3331 moenia
929 3264 1053 3330 dicitur

500 3373 660 3464 Princeps
683 3382 718 3442 et
740 3377 909 3443 innantem
932 3375 1076 3442 Maricae

543 3487 715 3555 Litoribus
737 3487 884 3554 tenuisse
907 3486 1021 3568 Lirim,

458 3675 544 3744 Late
566 3682 739 3766 tyrannus.
784 3674 867 3742 Cras
886 3675 977 3742 foliis
1000 3697 1113 3742 nemus

457 3788 574 3854 Multis
597 3794 633 3854 et
651 3788 728 3874 elga
749 3787 831 3854 litus
852 3787 965 3853 inutili

501 3899 656 3967 Demissa
677 3905 860 3988 tempestas
881 3899 923 3965 ab
943 3899 1034 3964 Euro

543 4007 688 4093 Sternet,
712 4033 816 4102 equae
838 4010 905 4078 nisi
929 4010 1019 4077 fallit
1037 4033 1145 4096 augur

457 4201 596 4267 Annosa
618 4201 739 4267 cornix.
784 4200 871 4267 Dum
897 4206 1002 4288 potes,
1025 4199 1154 4266 aridum

458 4309 614 4400 Conpone
638 4312 778 4397 lignum:
802 4334 875 4380 cras
899 4310 1041 4378 Genimn
1064 4333 1154 4378 mero

502 4422 643 4491 Curabis
663 4429 698 4490 et
720 4447 819 4512 porco
841 4423 1015 4490 bimenstri

545 4535 627 4603 Cum
649 4536 781 4604 famulis
804 4557 940 4624 operum
961 4535 1088 4602 solutis.

768 4759 972 4772 ——ss—
