3566 5460
815 744 976 822 XXVII.

533 898 647 988 Inpios
670 921 789 988 parrae
812 898 994 968 recinentis
1016 921 1112 964 omen

534 1010 644 1078 Ducat
665 1017 702 1079 et
727 1032 892 1099 praegnas
915 1010 1006 1078 canis
1029 1017 1089 1077 aut
1111 1012 1152 1076 ab
1175 1033 1256 1098 agro

534 1121 630 1190 Rava
653 1123 831 1191 decurrens
854 1122 934 1210 lupe
956 1121 1132 1190 Lanuvino

577 1234 727 1324 Fataque
751 1235 882 1322 volpes;

534 1405 683 1495 Rumpat
705 1414 741 1473 et
762 1427 898 1494 serpens
921 1406 988 1473 iter
1008 1405 1208 1486 institutum,

535 1515 572 1583 Si
593 1539 654 1606 per
676 1517 843 1607 obliquum
865 1516 983 1584 similis
1005 1515 1153 1604 sagittae

535 1628 671 1695 Terruit
692 1652 845 1696 mannos:
870 1649 932 1715 ego
955 1628 1008 1696 cui
1029 1629 1162 1712 timebo,

577 1738 743 1808 Providus
765 1761 899 1828 auspex,

535 1911 726 2001 Antequam
748 1917 878 1980 stantes
898 1917 1035 2000 repetat
1056 1911 1196 2001 paludes

535 2023 692 2092 imbrium
714 2023 829 2091 divina
849 2023 923 2092 avia
944 2023 1182 2105 imminentum,

537 2132 690 2203 Oscinem
712 2158 846 2203 corvum
867 2157 966 2224 prece
986 2135 1153 2203 suscitabo

580 2245 667 2315 Solis
690 2248 732 2314 ab
754 2252 839 2314 ortu

536 2415 590 2486 Sis
612 2417 693 2485 licet
713 2417 803 2500 felix,
825 2418 1020 2507 ubicumque
1039 2419 1155 2498 mavis,

536 2528 583 2596 Et
604 2551 729 2596 memor
750 2530 865 2610 nostri,
888 2528 1043 2610 Galatea,
1065 2530 1177 2612 vivas;

537 2641 647 2731 Teque
669 2662 730 2708 nec
750 2641 867 2709 laevus
888 2647 985 2709 vetat
1007 2641 1056 2708 ire
1078 2641 1172 2730 picus

578 2753 650 2821 Nec
671 2776 758 2840 vaga
780 2753 901 2820 cornix.

536 2924 602 2992 Sed
624 2925 728 3006 vides,
752 2930 877 3014 quanto
899 2925 1048 3014 trepidet
1069 2925 1215 2992 tumultu

535 3036 664 3104 Pronus
685 3035 796 3103 Orion.
840 3036 914 3122 Ego
938 3036 1016 3126 quid
1038 3036 1083 3104 sit
1103 3043 1177 3104 ater

536 3148 686 3216 Hadriae
709 3148 787 3216 novi
810 3149 901 3215 sinus
923 3153 958 3214 et
982 3148 1061 3238 quid
1084 3149 1179 3215 albus

578 3259 701 3328 Peccet
721 3261 839 3348 Iapyx.

536 3429 691 3500 Hostium
714 3454 835 3500 uxores
856 3432 1017 3521 puerique
1042 3455 1156 3500 caecos

536 3541 693 3611 Sentiant
713 3551 822 3612 motus
845 3544 985 3611 orientia
1006 3543 1126 3610 Austri
1149 3552 1185 3610 et

536 3655 701 3744 Aequoris
720 3655 810 3741 nigri
834 3655 1002 3723 fremitum
1024 3661 1059 3722 et
1078 3662 1260 3722 trementes

577 3767 727 3834 Verbere
749 3768 849 3856 ripas.

536 3935 592 4006 Sic
612 3944 647 4006 et
671 3939 805 4027 Europe
828 3940 961 4007 niveum
984 3938 1097 4007 doloso

537 4048 691 4117 Credidit
710 4056 807 4118 tauro
829 4050 918 4118 latus
944 4057 980 4118 et
1001 4055 1186 4118 scatentem

536 4161 652 4230 Balcia
673 4169 810 4251 pontum
832 4162 1022 4251 mediasque
1044 4161 1179 4229 fraudas

577 4273 706 4342 Palluit
727 4273 847 4342 audax.

536 4443 652 4536 Nuper
674 4447 708 4514 in
730 4449 836 4537 pratia
860 4447 1010 4516 studiosa
1032 4447 1148 4514 florum
1171 4453 1206 4513 ct

537 4558 680 4626 Debitaa
702 4559 869 4650 Nymphis
892 4559 1003 4648 opifex
1026 4580 1164 4626 coronae

536 4671 645 4739 Nocte
667 4670 828 4739 sublustri
850 4669 935 4739 nihil
956 4678 1050 4738 astra
1070 4677 1205 4758 praeter

579 4781 675 4852 Vidit
699 4789 735 4850 et
755 4783 871 4852 undas.
