3526 5468
919 405 1077 472 EPODON

581 595 676 663 Diris
698 614 796 682 agam
817 617 892 680 vos3
915 593 990 668 dira
1010 592 1190 662 detestatio

624 705 727 774 Nulla
749 706 903 794 expiatur
924 705 1070 773 victima.

581 817 677 901 Quin,
700 816 758 885 ubi
779 817 888 900 perire
910 817 1021 885 iussus
1044 818 1268 906 exspiravero,

623 929 815 997 Nocturnus
840 950 1010 997 occurram
1030 927 1139 996 Furor

580 1041 761 1130 Petamque
784 1040 898 1110 voltus
919 1040 1037 1107 umbra
1058 1041 1169 1108 curvis
1193 1041 1367 1128 unguibus,

624 1151 717 1235 Quae
739 1153 792 1222 vis
813 1152 984 1220 deorumst
1005 1152 1162 1234 Manium,

579 1265 627 1333 Et
646 1264 806 1355 inquietis
828 1264 984 1332 adsidens
1005 1263 1212 1353 praecordiis

623 1375 755 1445 Pavore
776 1399 907 1444 somnos
928 1376 1085 1444 auferam.

580 1489 650 1557 Vos
672 1488 773 1555 turba
794 1487 932 1556 vicatim
950 1487 1028 1556 hinc
1050 1495 1086 1555 et
1107 1488 1185 1556 hinc
1206 1487 1298 1555 saxis
1319 1492 1437 1576 petens

623 1599 817 1668 Contundet
837 1600 997 1667 obscenas
1020 1622 1118 1684 anus3

580 1711 663 1779 Post
685 1711 855 1799 insepulta
876 1712 1022 1778 membra
1044 1711 1202 1778 different
1222 1709 1293 1798 lupi

622 1823 670 1890 Et
690 1821 903 1912 *Esquilinae
927 1822 1034 1903 alites,

581 1932 698 2024 Neque
719 1933 782 2002 hoc
803 1939 969 2022 parentes,
989 1932 1063 2014 heu,
1086 1932 1167 2000 mihi
1190 1933 1398 2021 superstites,

623 2045 793 2132 Effugerit
814 2041 1059 2134 spectaculum?

966 2492 1029 2568 VI„

579 2644 669 2728 Quid
690 2645 892 2714 inmerentcs
913 2645 1063 2733 hospites
1084 2667 1197 2727 vexas,
1221 2645 1313 2714 canis

621 2757 771 2844 Ignarus
792 2756 968 2824 adversum
989 2757 1110 2845 lupos?

579 2867 667 2951 Quin
688 2868 753 2936 huo
773 2867 898 2948 inanes,
921 2868 970 2936 *si
992 2874 1096 2958 potes,
1117 2869 1225 2936 vertis
1246 2870 1352 2936 minas

620 2979 668 3048 Et
689 3001 741 3047 me
761 3001 984 3048 remorsurum
1004 2979 1135 3069 *petisi

577 3092 666 3160 Nam
688 3091 797 3182 qualis
819 3097 879 3160 aut
899 3092 1047 3160 Molosus
1071 3097 1132 3159 aut
1153 3091 1266 3160 fulvus
1288 3091 1385 3174 Laco,

619 3201 741 3272 Amica
761 3203 814 3272 vis
835 3203 1035 3293 pastoribus,

577 3315 689 3403 Agam
710 3313 876 3403 parcitas
898 3337 978 3383 aure
998 3314 1131 3383 sublata
1151 3314 1255 3397 nives,

621 3425 854 3517 Quaecumque
875 3427 1057 3516 praecedet
1078 3427 1159 3494 fera.

577 3538 629 3605 Tu
650 3561 723 3606 oum
744 3538 893 3606 timenda
910 3561 991 3606 voce
1015 3538 1189 3627 complesti
1211 3560 1334 3621 nemus,

619 3649 809 3718 Proiectum
831 3650 980 3718 odoraris
1003 3650 1119 3717 cibum

577 3758 675 3843 Cave,
698 3782 794 3829 cave:
815 3783 955 3851 namque
976 3761 1012 3828 in
1032 3760 1137 3829 malos
1157 3761 1360 3851 asperrimus

618 3872 744 3940 Parata
766 3873 848 3940 tollo
872 3895 1001 3953 cornua,

577 3981 694 4065 Qualis
717 3983 910 4072 Lycambae
932 3989 1065 4073 spretus
1087 3983 1189 4052 infido
1211 4007 1315 4072 gener

618 4094 692 4163 Aut
713 4116 790 4163 acer
811 4095 920 4163 hostis
940 4094 1079 4184 Bupalo.

576 4205 640 4287 An,
662 4207 766 4296 siquis
788 4213 862 4274 atro
885 4207 986 4274 dente
1008 4229 1059 4274 me
1082 4207 1251 4297 petiverit,

618 4319 749 4385 Inultus
770 4324 810 4386 ut
829 4317 915 4386 flebo
936 4317 1045 4408 puer?

919 4591 1124 4605 *-
