3566 5460
720 503 837 570 LIBER
857 507 877 568 Ι.
1005 503 1018 526 '

386 692 478 760 Haec
499 691 622 760 bellum
643 693 859 774 lacrimosum
880 692 934 760 hic
955 693 1108 760 miseram
1128 691 1248 758 famem

387 805 581 896 Pestemque
601 829 622 874 a
643 805 764 894 populo
787 811 822 872 et
842 804 990 894 principe
1014 802 1156 872 Caesare
1178 803 1213 870 in

430 917 548 986 Persas
570 923 668 1008 atque
691 917 870 986 Britannos

471 1030 594 1098 Vestra
615 1037 725 1098 motus
746 1037 826 1118 aget
847 1052 954 1119 prece.

738 1411 863 1488 XXII.

387 1565 524 1654 Integer
545 1567 635 1634 vitas
658 1565 857 1656 scelerisque
877 1589 979 1655 purus

388 1677 463 1746 Non
484 1685 563 1766 eget
580 1678 707 1747 Mamis
729 1679 845 1746 iaculis
866 1700 972 1770 neque
994 1701 1073 1748 arcu

388 1790 458 1859 Nec
480 1790 653 1860 venenatis
675 1791 816 1878 mauide
837 1791 980 1878 sagittis,

429 1903 544 1985 lusce,
566 1903 731 1994 pharetra,

390 2091 468 2162 Sive
490 2115 551 2182 per
572 2093 693 2183 Syrtes
714 2095 781 2162 iter
802 2101 973 2163 aemuosas

389 2205 467 2275 Sive
490 2207 640 2274 facturus
662 2229 722 2295 per
744 2207 977 2296 inhospitalem

390 2317 572 2386 Caucasum
593 2319 648 2388 vel
670 2341 753 2410 quae
774 2320 847 2387 loca
867 2319 1035 2388 fabulosus

432 2429 566 2499 Lambit
587 2430 775 2520 Hydaspes.

390 2621 536 2709 Namque
557 2642 610 2688 mc
633 2619 719 2688 silva
739 2621 837 2710 lupus
858 2622 893 2688 iu
915 2620 1046 2704 Sabina,

390 2732 477 2799 Dum
498 2753 604 2800 meam
626 2739 721 2800 canto
744 2732 894 2822 Lalagen
915 2741 950 2802 et
970 2735 1062 2802 ultra

390 2845 579 2912 'ferminum
602 2845 689 2913 curis
710 2868 816 2932 vagor
839 2846 1010 2935 expeditis

434 2955 540 3046 Fugit
562 2958 735 3041 inermem;

392 3145 499 3230 Quale
520 3152 712 3238 portantum
733 3169 839 3238 neque
858 3146 1012 3217 militaris

391 3259 541 3328 Daunias
562 3259 643 3328 latis
665 3258 727 3327 alit
747 3261 925 3329 aesculetis

392 3369 464 3440 Nec
483 3371 587 3440 Iubae
607 3371 709 3440 tellus
730 3379 878 3460 generm
899 3373 1030 3441 leonum

434 3483 542 3554 Arida
562 3485 685 3553 nutrix.

393 3673 484 3743 Pone
504 3695 557 3742 me
578 3673 685 3766 pigris
707 3675 764 3744 ubi
786 3676 878 3744 nulla
899 3677 1023 3768 campis

393 3787 505 3856 Arbor
523 3787 653 3856 aestiva
675 3795 846 3857 recreatur
868 3811 958 3872 aura„

393 3899 490 3984 Quod
511 3901 601 3969 latus
623 3899 737 3968 mundi
757 3901 897 3969 nebulae
920 3901 1091 3993 malusque

435 4012 588 4103 Iuppiter
607 4019 747 4100 urguet3

393 4201 484 4270 Pone
504 4203 564 4272 sub
587 4225 686 4271 curru
707 4201 843 4271 nimium
863 4203 1038 4295 propinqui

393 4313 481 4382 Solis
502 4314 537 4381 in
557 4321 651 4382 terra
672 4313 821 4382 domibus
843 4321 981 4404 negata:

290 4448 295 4456 ·
392 4425 501 4494 Dulce
522 4426 687 4494 ridentem
709 4425 857 4515 Lalagen
880 4429 1004 4511 amabo,

438 4538 542 4607 Dulce
562 4539 757 4629 loquentem
