3526 5468
766 441 883 504 LIBER
903 442 968 504 IIII.

810 732 936 806 XIIII.

509 881 602 964 Quae
622 907 701 950 cura
722 890 853 972 patrum
875 905 1002 972 quaeve
1026 882 1206 965 Quintium

508 993 621 1062 Plenis
643 995 804 1062 honorum
829 995 1018 1062 muneribus
1040 1000 1125 1077 tuas,

551 1105 714 1192 Auguste,
736 1107 882 1174 virtutes
905 1107 938 1173 in
963 1129 1082 1174 aevum

594 1217 660 1284 Per
682 1217 801 1285 titulos
823 1239 1050 1308 memoresque
1074 1217 1185 1284 fastris

507 1387 688 1470 Extendet,
712 1413 740 1471 o,
762 1413 830 1479 qua
852 1390 902 1457 sol
924 1388 1125 1457 habitabiles

507 1500 674 1568 Inlustrat
695 1524 779 1582 ores,
802 1501 944 1568 maxime
968 1501 1177 1590 principum?

551 1610 657 1693 Quem
677 1613 764 1698 Iegis
787 1617 943 1702 expertes
966 1612 1108 1679 Latinae

593 1723 760 1792 Vindelici
782 1723 929 1792 didicere
951 1745 1064 1812 nuper,

509 1892 597 1975 Quid
619 1902 727 1962 marte
750 1917 873 1984 posses.
917 1894 1027 1962 Milite
1049 1894 1143 1962 'snam
1165 1901 1224 1962 tuo

509 2006 639 2074 Drusus
660 2005 848 2088 Genaunes,
869 2005 1072 2096 inplacidum
1093 2028 1207 2093 genus,

550 2117 766 2208 Breunosque
788 2119 920 2187 veloces
943 2125 979 2185 et
999 2139 1092 2185 arces

594 2229 737 2319 Alpibus
757 2231 921 2319 inpositas
944 2227 1127 2297 tremendis

507 2401 641 2468 Deiecit
662 2423 739 2469 acer
760 2401 836 2490 plus
857 2402 930 2470 vioe
953 2400 1112 2490 simplici;

508 2511 615 2580 Maior
636 2512 805 2580 Neronum
827 2536 904 2580 mox
925 2533 1029 2599 grave
1050 2513 1212 2601 proelium

552 2623 716 2692 Commisit
737 2625 962 2714 immanesque
984 2624 1113 2691 Raetos

593 2735 765 2824 Auspiciis
787 2736 918 2825 pepulit
939 2736 1101 2816 secundia,

509 2905 718 2996 Spectandus
740 2906 794 2974 †in
818 2907 999 2974 certamine
1021 2906 1144 2976 Martio

509 3019 643 3086 Devota
664 3019 765 3086 morti
787 3024 923 3108 pectora
944 3017 1070 3086 liberae

552 3129 697 3212 Quantis
716 3131 880 3218 fatigaret
901 3129 1015 3210 ruinis,

595 3242 781 3311 Indomitos
803 3264 906 3331 prope
929 3242 1038 3331 qualis
1058 3241 1164 3308 undas

510 3413 656 3482 Exercet
677 3419 792 3482 auster
813 3412 987 3480 Pleiadum
1010 3413 1108 3480 choro

511 3523 690 3593 Scindente
712 3526 823 3607 nubes,
845 3525 977 3614 inpiger
998 3525 1144 3593 bostium

553 3637 686 3706 Verere
708 3643 835 3706 turmas
857 3643 894 3704 et
914 3637 1109 3704 frementem

594 3749 733 3816 Mittere
756 3771 874 3839 equum
895 3747 1021 3816 medios
1042 3770 1103 3837 per
1124 3748 1228 3835 ignes.

511 3917 567 3987 Sio
587 3919 793 3988 tauriformis
813 3919 963 3987 volvitur
984 3919 1135 4000 Aufidus,

512 4029 586 4112 Qua
607 4052 712 4117 regna
733 4031 846 4099 Dauni
868 4029 1026 4118 praefluit
1047 4029 1159 4119 Apuli,

555 4141 637 4209 Cum
657 4143 767 4210 saevit
788 4141 1052 4232 horrendamque
1075 4141 1174 4209 cultis

595 4253 766 4322 Diluviem
787 4253 963 4322 minitetur
985 4253 1085 4341 agris,

512 4423 560 4491 Vt
579 4425 795 4494 barbarorum
818 4424 979 4493 Claudius
1003 4424 1138 4512 agmina

511 4533 655 4604 Ferrate
677 4543 775 4605 vasto
797 4536 903 4604 diruit
924 4537 1052 4626 impetu

554 4647 748 4740 Primusque
771 4655 807 4717 et
828 4656 995 4718 extremos
1016 4647 1171 4716 metendo

597 4759 729 4828 Stravit
750 4761 884 4830 humum
904 4763 975 4828 sine
999 4761 1092 4829 olade
1114 4761 1230 4842 victor,
