3526 5468
914 427 1116 489 GARMlNVll

637 615 756 681 Fortes
777 618 933 680 creantur
953 613 1095 679 fortibus
1118 617 1152 678 et
1174 611 1284 696 bonis;

638 727 703 793 Est
724 727 757 793 in
779 724 936 806 iuvencis,
960 724 1068 792 estin
1090 723 1183 814 cquis
1205 729 1337 812 patrum

679 837 804 919 Virtus,
825 859 930 927 neque
952 836 1107 904 inbellem
1128 836 1256 903 feroces

722 950 953 1037 Progenerant
974 947 1106 1038 aquilae
1129 948 1318 1016 columbam.

636 1159 800 1226 Doctrina
820 1157 879 1226 sed
901 1157 969 1223 vim
990 1161 1163 1244 promovet
1186 1155 1329 1234 insitam,

637 1271 800 1360 Rectiqne
822 1270 931 1338 cultus
954 1274 1091 1357 pectora
1112 1268 1285 1352 roborant;

679 1382 864 1472 Vtcumque
888 1382 1038 1449 defecere
1059 1402 1175 1460 mores,

722 1493 935 1562 Dedecorant
955 1494 1038 1561 bene
1061 1498 1142 1560 nata
1164 1491 1288 1581 cnlpae.

637 1701 726 1784 Quid
748 1701 877 1782 debeas,
900 1724 918 1766 o
941 1699 1056 1782 Roma,
1078 1699 1275 1778 Neronibus

636 1814 748 1882 'Pestis
766 1813 955 1881 Metaurum
973 1813 1094 1879 flumen
1113 1816 1148 1878 et
1163 1811 1357 1878 Hasdrubal

679 1927 842 1995 Devictus
864 1931 900 1994 et
921 1925 1058 2015 pulcher
1079 1924 1206 2012 frigebis

722 2039 785 2107 Ille
807 2039 879 2107 dics
900 2038 999 2106 Latio
1020 2037 1176 2120 tenebris,

638 2247 703 2330 Qui
725 2247 850 2337 primus
871 2247 959 2312 111111
979 2244 1057 2312 risit
1079 2245 1211 2326 adorea,
1238 2231 1244 2242 ⁸

637 2360 740 2428 Dirus
761 2382 823 2448 per
841 2358 940 2425 urbes
962 2356 1047 2424 Afer
1068 2365 1107 2423 nt
1127 2357 1232 2424 Italas

681 2469 751 2540 Ceu
771 2472 903 2538 flamma
925 2493 986 2559 per
1006 2469 1126 2538 taedas
1147 2470 1202 2535 vel
1223 2469 1334 2537 Euros

722 2582 788 2650 Per
809 2581 939 2651 Siculas
960 2575 1125 2672 equitavit
1145 2581 1260 2649 undas.

636 2791 719 2859 Post
740 2789 802 2858 hoc
823 2789 976 2858 secundis
998 2811 1103 2880 usqne
1124 2789 1295 2860 laboribus

636 2902 788 2970 Romana
809 2903 914 2991 pubes
937 2903 1052 2982 crevit,
1074 2909 1110 2968 ct
1130 2902 1220 2992 inpio

679 3014 827 3082 Vastata
848 3013 1033 3081 Poenorum
1055 3014 1203 3082 tumultu

722 3126 818 3194 Fene
840 3127 919 3195 deos
941 3127 1086 3194 habuere
1108 3134 1226 3195 rectos.

636 3334 798 3424 Dixitque
819 3334 955 3401 tandem
976 3333 1122 3422 perfidus
1143 3333 1327 3401 Hannibal:

631 3442 748 3514 ‘Cervi
768 3447 921 3534 lnporum
941 3445 1067 3534 praeda
1089 3445 1259 3535 rapacium

680 3556 852 3625 Sectamnr
873 3558 971 3640 ultro,
995 3582 1075 3648 quos
1099 3558 1227 3647 opimus

720 3668 853 3738 Fallere
877 3675 912 3736 et
934 3670 1117 3757 effugerest
1137 3669 1333 3759 triumphus.

636 3874 736 3958 Gens,
759 3899 844 3966 qnae
867 3882 1011 3943 cremato
1034 3876 1132 3944 fortis
1154 3877 1196 3943 ab
1215 3877 1279 3944 Ilio

634 3988 768 4056 laetata
790 3988 906 4056 Tuscis
928 3988 1126 4078 aequoribus
1149 4011 1245 4056 sacra

677 4099 850 4190 Notosque
873 4107 1084 4190 maturosque
1106 4107 1222 4191 patres

719 4211 867 4279 Pertulit
888 4212 1056 4281 Ausonias
1079 4212 1123 4280 ad
1144 4215 1251 4296 urbes,

634 4418 738 4486 Duris
757 4423 797 4485 ut
819 4417 887 4485 ilex
909 4424 1008 4486 tonsa
1029 4419 1219 4507 bipinnihns

634 4529 762 4618 Nigrae
784 4530 887 4597 feraci
909 4531 1035 4598 frondis
1058 4532 1092 4598 in
1114 4531 1247 4618 Algido,

678 4643 744 4710 Per
766 4643 894 4725 damna
916 4665 976 4731 per
998 4642 1126 4725 caedes,
1149 4645 1190 4712 ab
1212 4645 1285 4734 ipso

720 4755 824 4822 Ducit
846 4777 925 4843 opes
949 4755 1157 4846 animumque
1177 4757 1275 4824 ferro.
