3566 5460
941 483 1144 548 elenffivvu

625 665 701 736 lllio
719 667 772 736 bis
793 669 889 758 pueri
911 668 965 737 die

668 779 800 848 Numen
822 804 894 849 eum
914 781 1040 850 teneris
1062 781 1249 870 virginibus
1268 789 1363 851 tuum

626 891 821 960 Laedentes
842 893 927 982 pede
950 893 1090 961 candido

668 1004 709 1072 Iu
731 1027 855 1072 morem
876 1003 1000 1074 Salium
1022 1013 1077 1075 ter
1098 1008 1253 1097 quatient
1274 1009 1416 1076 humum.

626 1158 680 1228 Me
704 1181 764 1228 nee
785 1161 909 1229 femina
929 1183 990 1230 neo
1011 1183 1094 1250 puer

668 1271 741 1341 Iam
762 1295 823 1342 nee
844 1295 921 1362 spes
944 1273 1045 1342 animi
1066 1275 1201 1343 credula
1224 1275 1331 1342 mutui

627 1384 699 1454 Neo
719 1391 850 1454 uertere
871 1385 968 1454 iuvat
987 1408 1077 1454 mero

667 1496 739 1565 Neo
762 1497 888 1566 vincire
911 1499 1007 1567 novis
1028 1499 1345 1588 temperatioribus.

628 1650 694 1720 Sed
717 1676 776 1720 eur
798 1653 872 1736 heu,
893 1652 1062 1742 Ligurine,
1085 1677 1142 1722 eur

667 1764 788 1833 Manat
809 1788 888 1833 rara
910 1787 1001 1834 meas
1024 1766 1162 1835 laerima
1181 1787 1242 1856 per
1262 1767 1390 1854 genas?

627 1875 694 1945 Gur
714 1877 860 1946 faeunde
881 1902 999 1967 parum
1022 1877 1140 1947 deooro

667 1988 762 2057 Inter
783 1991 887 2059 verba
910 1990 1001 2058 eadit
1021 1991 1137 2078 lingue
1156 1991 1314 2060 silentio?

624 2151 805 2222 Nocturnis
827 2176 889 2241 ego
913 2155 1048 2224 somniis

667 2263 740 2332 Iam
765 2271 898 2356 captum
919 2273 1026 2349 teneo,
1048 2267 1115 2335 iam
1137 2268 1305 2336 volucrem
1327 2290 1447 2358 aequor

625 2377 673 2445 'I'a
695 2399 755 2466 per
778 2379 931 2465 gramina
952 2378 1069 2446 Martii

669 2489 793 2579 Campi,
814 2496 849 2558 te
872 2513 932 2580 per
954 2513 1067 2581 aquea,
1090 2491 1179 2574 dure,
1201 2492 1371 2561 volubiles.

1008 2855 1057 2930 Π.

623 3003 805 3074 Pindarum
827 3006 975 3098 quisquis
997 3008 1112 3076 studet
1133 3010 1300 3092 aemulari,

624 3118 723 3201 *Iule
744 3119 866 3187 ceratis
888 3143 950 3210 epe
972 3121 1145 3191 Daedalea

623 3228 756 3298 Nititur
775 3232 886 3321 pinnis
908 3233 1017 3302 vitreo
1039 3233 1178 3302 daturus

666 3341 811 3411 Nomina
831 3350 943 3434 ponto.

623 3497 737 3568 Monte
761 3499 939 3568 decurrens
960 3500 1055 3568 velut
1076 3501 1189 3582 amnis,
1211 3502 1333 3570 imbres

623 3608 729 3692 Quem
748 3633 850 3700 super
870 3617 968 3680 notes
992 3612 1105 3680 eluere
1126 3613 1225 3702 ripas,

621 3719 748 3791 Fervet
769 3723 1000 3813 inmensusque
1022 3724 1093 3792 ruit
1113 3725 1276 3813 profundo

665 3833 830 3903 Pindarus
852 3857 918 3917 ore,

622 3987 757 4057 Laurea
776 3989 949 4059 donandus
970 3990 1168 4081 Apollinari,

622 4098 689 4169 Seu
711 4124 773 4191 per
793 4102 936 4172 audaces
958 4125 1046 4172 nove
1068 4104 1299 4195 dithyrambos

622 4212 736 4282 Verba
759 4214 910 4283 devolvit
931 4217 1140 4307 numerisque
1161 4218 1269 4286 fertur

663 4323 756 4413 Lege
778 4326 905 4409 solutis,

622 4477 689 4548 Seu
711 4481 790 4550 deos
812 4504 953 4569 regesve
975 4484 1072 4565 uenit,
1095 4484 1230 4554 deorum

622 4590 832 4680 Sanguinem,
854 4617 915 4684 per
937 4618 1019 4684 quos
1040 4597 1188 4664 recidere
1209 4598 1298 4666 iusta

620 4703 730 4774 Morte
753 4704 922 4788 Centauri,
945 4707 1066 4776 oeoidit
1086 4711 1279 4778 tremendae

664 4817 817 4887 Flamma
839 4817 1041 4904 Chimaerae,
