3566 5460
766 495 884 558 LIBER
904 495 954 557 ΙΠ.

392 681 478 750 Pars
500 682 630 750 inclusa
652 679 815 748 caloribus

435 791 553 861 Mundi
575 815 636 861 nec
656 794 778 860 boreae
800 792 977 859 finitimum
996 792 1087 860 latus

393 906 609 994 Durataeque
631 904 706 992 polo
729 904 824 971 nives

436 1017 656 1086 Mercatorern
678 1015 827 1102 abigunt
849 1014 986 1083 humida
1003 1015 1117 1082 callidi

395 1171 542 1240 Vincunt
562 1193 709 1262 aequora
729 1171 875 1252 navitae,

436 1283 594 1370 Magnum
615 1281 794 1372 pauperies
816 1281 1029 1371 opprobrium
1049 1281 1144 1350 iubet

395 1393 537 1478 Quidvis
559 1400 595 1462 et
615 1395 727 1462 facere
750 1399 786 1461 et
806 1393 888 1482 pati,

438 1505 648 1596 Virtutisque
669 1506 760 1574 viem
781 1505 908 1574 deseris
929 1504 1063 1574 arduae.

395 1660 459 1729 Vel
480 1683 541 1730 nos
560 1661 595 1728 in
618 1660 831 1749 Capitolium,

439 1772 511 1855 Quo
533 1772 657 1842 clamor
677 1779 778 1841 vocat
801 1779 837 1840 et
857 1773 958 1840 turba
978 1771 1171 1854 faventium,

395 1884 460 1952 Vel
483 1906 545 1954 nos
565 1884 602 1952 in
623 1907 714 1953 mare
736 1884 921 1974 proximum

440 1995 594 2066 Gemmas
617 2003 653 2064 et
673 1995 812 2085 lapides,
835 2019 953 2064 aurum
975 2000 1011 2062 et
1032 1995 1160 2077 inutile,

397 2150 523 2219 Summi
544 2150 718 2220 materiem
737 2149 826 2231 meli,

438 2262 622 2345 Mittamus,
644 2262 806 2331 scelerum
828 2262 857 2330 si
878 2262 962 2329 bene
984 2261 1143 2351 paenitet.

396 2373 577 2443 Eradenda
599 2373 763 2464 cupidinis

440 2485 544 2554 Pravi
566 2493 645 2555 suut
666 2487 833 2554 elementa
856 2491 891 2554 et
912 2491 1050 2553 tenerae
1073 2485 1169 2554 nimis

396 2641 529 2710 Montes
550 2641 776 2730 asperioribus

439 2752 649 2821 Formendae
671 2753 801 2821 studiis.
844 2753 964 2822 Nescit
985 2775 1069 2843 equo
1091 2753 1184 2821 rudis

396 2865 547 2934 Haerere
569 2866 734 2952 ingenuus
756 2885 841 2955 puer

441 2976 633 3068 Venerique
655 2977 763 3059 timet,
782 2974 899 3044 ludere
922 2975 1058 3056 doctior,

398 3139 464 3210 Seu
486 3139 616 3210 Graeco
637 3141 752 3210 iubeas
772 3140 898 3222 trocho,

441 3251 508 3322 Seu
527 3253 624 3322 malis
645 3253 756 3322 vetita
776 3252 908 3339 legibus
930 3252 1014 3334 alea,

398 3363 480 3433 Cum
499 3367 634 3455 periura
654 3365 764 3455 patris
783 3365 866 3432 fides

441 3473 637 3546 consortem
659 3477 783 3546 socium
804 3477 902 3545 fallat
924 3482 960 3544 et
981 3476 1147 3565 hospitem

397 3639 604 3732 indignoque
626 3641 799 3730 pecuniam

440 3753 568 3821 Heredi
588 3759 753 3843 properet
798 3751 935 3821 Scilicet
955 3750 1115 3840 inprobae

398 3862 561 3932 Crescunt
581 3865 737 3949 divitiae;
759 3871 870 3934 tamen

442 3973 567 4045 Curtce
589 3977 781 4067 nescioquid
801 3998 932 4065 semper
953 3976 1050 4044 abest
1070 3976 1130 4044 rei

799 4337 919 4414 XXV.

397 4488 471 4573 Quo
493 4513 553 4572 me,
578 4489 718 4572 Bacche,
741 4491 831 4578 rapis
853 4491 905 4558 tui

440 4601 601 4670 Plenum?
645 4602 739 4685 Quae
762 4624 898 4670 nemora
920 4611 981 4670 aut
1003 4627 1083 4692 quos
1105 4603 1243 4689 egerin
1265 4623 1383 4695 specus

396 4712 505 4781 Velox
526 4719 637 4781 mente
660 4714 771 4783 nova?
815 4713 942 4797 Quibus

439 4823 560 4896 Antfis
583 4826 712 4914 egregii
735 4825 891 4896 Caesaris
913 4825 1031 4895 audiar
