3562 5456
842 431 1046 495 CARMINVM

548 617 678 687 Nereus
700 619 780 685 fata.
819 615 926 685 ‘Mela
948 617 1041 686 ducis
1063 616 1119 684 avi
1140 615 1278 696 domum,

549 730 656 813 Quam
678 730 781 798 multo
804 735 936 820 repetet
958 727 1103 798 Graecia
1124 727 1239 809 milito,

549 843 733 912 Coniurata
755 849 833 911 tuae
855 864 1008 932 rumpere
1031 842 1167 931 nuptias

590 957 638 1024 Et
658 979 797 1044 regnum
818 955 944 1023 Priami
967 962 1073 1023 vatim.

547 1129 656 1210 Eheu,
685 1134 830 1220 quantus
853 1128 960 1217 equis,
989 1134 1133 1218 quantus
1155 1126 1251 1194 adest
1272 1125 1355 1193 viris

549 1239 672 1309 Sudor!
694 1247 822 1331 quanta
844 1262 955 1307 moves
977 1239 1096 1306 funera
1116 1238 1298 1306 Dardanae

548 1352 667 1421 Genti!
711 1353 783 1420 Iam
804 1353 936 1439 galeam
956 1353 1070 1420 Pelles
1093 1357 1128 1419 et
1150 1350 1270 1438 aegida

593 1464 783 1556 Cumasque
807 1471 841 1533 et
865 1466 992 1534 rabiem
1013 1470 1121 1553 parat

549 1637 626 1705 Neu
648 1638 860 1720 Laertiaden,
882 1637 1021 1706 exitium
1042 1643 1121 1706 tuae

551 1748 662 1833 Genti,
684 1774 749 1818 non
771 1750 905 1840 Pylium
926 1749 1074 1818 Nestora
1096 1749 1259 1839 respicis?

550 1862 705 1950 Vrguent
726 1863 877 1952 inpavidi
899 1870 934 1930 te
957 1860 1158 1931 Salaminius

593 1975 728 2058 Teucer,
748 1982 783 2043 te
806 1974 992 2057 Sthenelus,
1019 1975 1126 2043 sciens

550 2147 695 2237 Pugnae,
715 2148 786 2216 eive
810 2171 892 2238 epus
915 2154 968 2217 est
988 2147 1180 2237 imperitare
1203 2146 1303 2235 equis,

551 2259 627 2329 Non
650 2260 769 2348 auriga
790 2259 894 2350 piger.
937 2258 1109 2327 Merionen
1131 2281 1259 2348 queque

551 2372 686 2442 Nosces.
729 2373 816 2443 Euae
837 2372 927 2454 mnu
950 2378 986 2440 te
1008 2372 1156 2461 reperire
1179 2377 1285 2452 atrox,

593 2485 742 2575 Tydides
764 2485 881 2554 melior
900 2491 1005 2574 patre,

552 2657 658 2741 Quem
679 2665 726 2740 tu,
751 2682 868 2728 nervus
890 2659 942 2726 uti
962 2658 1063 2726 vellis
1085 2657 1119 2724 in
1142 2657 1248 2724 ultera

551 2770 669 2839 Visum
692 2777 790 2861 parte
812 2772 927 2861 lupum
947 2770 1107 2858 graminis
1129 2770 1295 2850 inmemor,

552 2881 692 2950 Sublimi
713 2884 823 2970 fugies
844 2883 954 2950 mollis
976 2883 1135 2963 anhelitu,

594 2994 670 3063 Non
693 2995 755 3065 hee
774 2995 945 3085 pollicitus
966 3001 1055 3064 tuae.

551 3168 763 3260 Nequiquam
784 3168 926 3238 Veneris
948 3168 1116 3258 praesidio
1138 3169 1232 3235 ferox

551 3281 672 3350 Peetes
695 3283 876 3350 caesariem
898 3288 1063 3372 grataque
1086 3279 1218 3348 feminis

552 3394 674 3462 Inbelli
697 3394 827 3462 eithara
850 3393 995 3462 earmina
1018 3393 1182 3478 *divides3

594 3505 806 3598 Nequiquam
826 3507 974 3575 thalamo
997 3527 1117 3594 gravae

551 3678 676 3748 Hastas
699 3684 735 3746 et
755 3679 873 3747 calami
898 3678 1026 3768 spienla
1049 3675 1162 3746 Cnosii

552 3791 686 3861 Vitabis
708 3792 951 3881 strepitumque
974 3797 1009 3858 et
1031 3790 1172 3858 celerem
1194 3791 1288 3880 sequi

551 3903 706 3972 Aiacem:
728 3913 848 3986 tumen,
871 3904 937 3972 heu
957 3903 1258 3972 serueuadulteros

596 4015 713 4086 Orines
734 4017 873 4107 pulvere
896 4016 1042 4085 aellines.

552 4189 716 4258 haeunda
739 4189 827 4257 diem
849 4191 998 4280 proferet
1018 4189 1082 4256 Ilio

551 4301 780 4394 Matronisqne
801 4301 976 4392 Phrygum
998 4301 1114 4370 elassis
1134 4299 1296 4384 Aehillei;

551 4413 635 4482 Post
656 4425 766 4484 eertas
788 4416 913 4484 hiemes
934 4423 1012 4482 uret
1032 4413 1199 4482 Achaicus

594 4527 689 4616 Ignis
711 4530 913 4616 Pergameas
939 4522 1066 4596 domes.’
