3566 5460
756 404 875 468 LIBER
895 407 917 466 1.

462 587 538 654 Non
559 588 645 656 lenis
666 587 819 678 precibus
840 590 913 658 fata
933 590 1114 676 recludere,

463 699 570 786 Nigro
591 701 778 790 conpulerit
798 702 984 770 Mercurius
1005 705 1124 792 gregi?

463 813 607 880 Dumm:
629 812 689 881 sed
709 813 818 882 levius
839 815 879 882 fit
899 815 1073 904 patientia,

505 921 674 1016 Quidquid
694 925 895 1014 corrigerent
916 923 1018 996 naias.

728 1145 932 1158 *-

768 1307 888 1384 XXV.

418 1458 554 1528 Parcius
576 1461 705 1530 iunctae
725 1461 880 1552 quatiunt
898 1462 1064 1530 fenestras

417 1571 566 1642 lactibus
588 1574 712 1642 crebris
733 1575 871 1642 iuvenes
892 1573 1041 1662 protervi

417 1683 489 1752 Nec
509 1685 573 1753 tibi
594 1709 725 1755 somnos
747 1687 907 1768 adimunt,
931 1693 1084 1776 amatque

459 1797 566 1866 Ianua
587 1797 695 1878 limen,

417 1967 512 2050 Quae
533 1970 625 2058 prius
645 1970 786 2038 multum
807 1970 915 2038 facilia
935 1971 1089 2038 movebat

417 2081 586 2150 Gardinea
629 2079 738 2151 Audis
760 2083 868 2151 minue
890 2088 926 2150 et
948 2083 1055 2150 minus
1078 2083 1158 2150 iam:

412 2191 482 2262 ‘Mo
503 2200 562 2262 tuo
584 2194 701 2282 longae
724 2200 884 2286 pereunte
906 2201 1028 2277 noctes,

459 2305 580 2396 Lydia
602 2305 725 2375 dormis
733 2302 759 2374 ?’

416 2478 564 2546 Invicem
585 2479 737 2548 moechos
760 2503 843 2548 anua
863 2485 1059 2566 arrogantes

416 2591 530 2658 Flebis
552 2591 587 2658 in
607 2592 676 2660 eolo
698 2591 783 2660 levis
804 2591 984 2682 angiportu

416 2703 559 2772 Thracio
578 2703 762 2774 bacchante
783 2704 890 2791 megia
912 2705 971 2772 sub
995 2702 1095 2772 inter

458 2815 551 2883 lunia
570 2822 680 2900 vento,

417 2985 500 3056 Cum
521 2987 585 3055 tibi
607 2989 753 3076 flagrans
774 3011 866 3056 amor
888 2993 923 3056 et
944 2987 1056 3070 libido,

417 3098 511 3182 Quae
534 3101 621 3168 solet
643 3106 766 3169 matres
787 3101 913 3168 furiare
936 3121 1101 3190 equoruna

417 3211 552 3281 Saeviet
573 3212 663 3282 circa
684 3212 776 3281 iecor
797 3213 989 3290 ulcerosum,

458 3323 534 3394 Non
557 3325 630 3394 sine
651 3329 780 3416 questu,

416 3497 524 3566 laeto
547 3498 635 3588 quod
656 3499 760 3587 pubes
782 3496 908 3566 hedera
928 3496 1053 3564 virenti

418 3607 574 3678 Gaudeat
595 3609 688 3699 pulla
708 3609 815 3696 magis
840 3615 941 3698 etque
961 3613 1084 3697 myrto,

416 3719 540 3790 Aridae
562 3720 697 3790 frondes
718 3721 847 3790 Hiemie
870 3720 977 3790 sodali

459 3833 602 3902 Dedioet
623 3833 723 3902 Euro.

757 4210 896 4286 XXVI.

416 4367 521 4434 Musis
540 4367 663 4435 amicus
684 4366 858 4435 tristitiam
881 4371 917 4434 et
937 4371 1045 4432 metue

416 4479 560 4547 Tradam
581 4479 748 4569 protervis
769 4479 803 4546 in
825 4501 914 4544 mare
938 4477 1105 4546 Creticum

459 4591 600 4660 Portare
621 4591 740 4674 ventis,
765 4591 837 4682 quis
858 4590 919 4659 sub
943 4589 1048 4658 Arcto

502 4703 576 4774 Rex
598 4703 732 4794 gelidae
754 4709 924 4774 metuatur
946 4724 1031 4782 orae,
