3526 5468
904 453 1060 516 EPODON

566 639 766 728 Positoeque
787 661 916 720 vernas,
941 639 1022 708 ditis
1044 661 1183 708 examen
1204 639 1326 722 domus,

610 749 742 818 Circum
763 750 956 818 renidentes
976 745 1104 818 Lares'

566 863 659 930 Haec
678 861 735 928 ubi
756 862 888 930 locutus
910 863 1081 930 fenerator
1102 861 1220 944 Alfius,

608 973 681 1042 Iam
700 973 767 1041 iam
788 974 921 1042 futurus
942 974 1096 1056 rusticus,

566 1085 703 1154 Omnem
725 1085 859 1172 redegit
879 1085 989 1153 idibus
1011 1086 1194 1175 pecuniam,

609 1196 750 1279 Quaerit
770 1197 924 1266 kalendis
943 1218 1075 1290 ponere.

943 1767 1013 1842 III.

563 1939 718 2006 Parentis
738 1938 816 2006 olim
837 1938 942 2028 siquis
965 1939 1059 2028 inpia
1079 1962 1179 2007 manu

607 2049 719 2117 Senile
741 2055 860 2136 guttur
881 2049 1031 2136 fregerit,

563 2161 647 2229 Edit
669 2163 787 2230 cientis
810 2161 913 2228 alium
935 2161 1117 2229 nocentius.

607 2273 635 2339 Ο
659 2275 743 2342 dura
764 2295 944 2340 messorum
967 2273 1043 2342 ilia!

564 2384 654 2467 Quid
674 2385 737 2453 hoo
759 2385 879 2453 veneni
901 2385 1012 2452 saevit
1032 2385 1067 2450 in
1088 2385 1316 2473 praecordiis?

606 2495 696 2563 Num
715 2495 887 2585 viperinus
908 2496 962 2563 his
984 2519 1080 2563 eruor

563 2608 718 2676 Inoootus
739 2607 852 2676 herbis
872 2629 925 2674 me
947 2607 1093 2676 fefellit?
1120 2632 1163 2676 au
1184 2607 1290 2675 melae

607 2718 749 2788 Canidia
769 2719 935 2787 tractavit
957 2719 1083 2808 dapes?

564 2830 612 2898 Vt
634 2830 853 2918 Argonautae
875 2837 1012 2918 praeter
1034 2853 1146 2902 omnes
1167 2829 1345 2902 candidum

606 2941 728 3010 Medea
749 2941 906 3010 mirataet
929 2941 1053 3024 duoem,

562 3055 687 3143 Ignota
706 3054 815 3122 tauris
837 3054 1055 3141 inligaturum
1076 3054 1156 3142 iuge

605 3166 770 3234 Pernnxit
790 3166 853 3236 hoc
873 3166 1043 3252 Iasonem3

561 3277 636 3346 Hoc
657 3277 817 3346 delibutis
838 3278 912 3346 ulta
937 3277 1032 3347 donis
1053 3278 1214 3368 paelicem

606 3387 769 3479 Serpente
792 3389 882 3476 fugit
902 3390 994 3456 elite.

561 3500 634 3570 Nec
654 3525 772 3569 munus
794 3500 918 3568 umeris
941 3500 1084 3569 efficacis
1106 3497 1261 3569 Herculis

604 3612 733 3680 Inarsit
754 3611 949 3680 aestuosius.

561 3722 634 3791 Neo
654 3728 773 3791 mutus
793 3745 949 3814 umquem
970 3723 1116 3792 siderum
1138 3723 1264 3793 insedit
1280 3747 1386 3812 vapor

603 3832 802 3904 Siticulosae
825 3835 979 3924 Apuliae.

561 3946 612 4014 At
633 3947 743 4037 siquid
763 3969 919 4038 umquam
939 3947 1009 4016 tale
1031 3948 1267 4036 concupiveris,

603 4058 727 4141 Iooose,
749 4057 935 4142 Maecenas,
956 4081 1074 4148 precor

560 4169 695 4238 Manum
716 4171 831 4260 puelle
852 4170 944 4239 savio
968 4175 1115 4260 opponat
1136 4175 1204 4251 tuo,

603 4280 767 4350 Extrema
789 4289 825 4350 et
847 4283 882 4351 in
901 4282 1030 4372 sponda
1051 4282 1158 4350 cubet.

872 4609 1078 4624 —
