3566 5460
926 467 1131 530 CARMINVM

657 653 737 721 Mox
761 654 906 722 iuniores
928 655 1058 742 quaerit
1080 654 1250 722 adulteros

658 765 753 832 Inter
774 765 889 833 mariti
910 765 997 845 vina,
1021 787 1126 855 neque
1149 765 1254 852 eligit,

702 876 765 945 Cui
787 877 889 944 donet
910 877 1108 964 inpermissa
1128 878 1252 966 raphim

747 988 878 1056 Gaudia
900 987 1078 1054 luminibus
1099 989 1245 1068 remotio,

657 1143 724 1212 Sed
745 1143 836 1210 iussa
858 1166 968 1212 noram
989 1167 1054 1209 non
1076 1143 1147 1210 aine
1170 1143 1299 1212 oonseio

657 1253 776 1341 Surgit
798 1255 927 1335 marite,
949 1277 1009 1322 sou
1028 1261 1128 1322 vocab
1148 1254 1284 1322 institor

700 1365 767 1433 Seu
788 1367 883 1433 navis
904 1366 1074 1455 Hispanae
1096 1365 1266 1452 magister,

742 1476 950 1545 Dedeoorum
972 1477 1138 1566 pretiosus
1161 1485 1298 1566 emptor.

656 1631 730 1699 Non
754 1632 806 1699 his
828 1633 985 1699 iuventus
1008 1638 1084 1699 orta
1106 1633 1301 1721 parentibus

654 1742 777 1812 Infecit
799 1765 922 1833 aequor
944 1745 1105 1831 sanguine
1127 1743 1251 1814 Pmriee

696 1855 927 1944 Pyrrhumque
950 1861 986 1922 et
1004 1857 1174 1941 ingentem
1196 1855 1316 1923 oeoidit

738 1965 942 2035 Antiochum
964 1967 1249 2057 Hannibalemque
1272 1967 1396 2051 dirum

654 2121 721 2189 Sed
742 2122 941 2189 rusticorum
962 2121 1109 2188 mascula
1131 2121 1273 2188 militum

653 2233 776 2314 Proles,
799 2231 941 2300 Sabellis
965 2232 1063 2300 docta
1085 2231 1252 2318 ligonibus

695 2343 840 2412 Versare
863 2345 1000 2431 glaebas
1022 2351 1057 2410 et
1079 2366 1215 2412 severae

737 2456 857 2524 Matris
880 2455 923 2523 ad
946 2456 1121 2523 arbitrium
1142 2457 1265 2524 recisos

651 2609 793 2678 Portare
814 2611 929 2690 metes,
949 2609 1006 2677 Sol
1026 2610 1083 2677 ubi
1105 2610 1266 2678 montium

651 2722 802 2790 Munerat
824 2721 960 2789 umbras
982 2728 1018 2788 et
1040 2721 1121 2809 iuga
1145 2722 1295 2790 demeret

694 2835 807 2902 Bubus
828 2834 982 2921 fatigabis
1004 2835 1143 2902 amioum

737 2945 881 3035 Tempus
904 2967 1007 3032 agens
1029 2946 1173 3014 abeunte
1196 2969 1303 3014 curru

650 3099 819 3168 Damnosa
840 3101 918 3190 quid
940 3123 1005 3167 non
1026 3099 1182 3167 inminuit
1203 3099 1298 3168 dies?

648 3210 756 3280 Aetas
776 3218 961 3300 parentum,
987 3212 1080 3300 peior
1101 3212 1182 3292 avis,
1204 3213 1286 3280 tulit

691 3323 762 3392 Nos
784 3324 967 3413 nequiores,
989 3347 1065 3390 mox
1088 3324 1224 3391 daturos

733 3435 929 3522 Progeniem
951 3435 1165 3502 vitiosiorem.

977 3797 1061 3874 VII.

648 3948 737 4030 Quid
759 3949 827 4026 fles,
849 3947 996 4028 Asterie,
1019 3971 1115 4038 quem
1134 3949 1198 4017 tibi
1221 3951 1354 4019 candidi
1488 4015 1490 4022 .

645 4059 756 4128 Primo
778 4060 961 4128 restituent
982 4083 1061 4128 vere
1082 4060 1224 4129 Favonii

689 4171 810 4260 Thyna
830 4193 938 4239 meroe
960 4173 1102 4252 beatum,

733 4281 927 4351 Constantis
949 4283 1102 4352 invenem
1123 4284 1196 4364 fide,

646 4444 793 4534 Gygen?
838 4446 899 4512 Ille
922 4447 1010 4513 notis
1032 4455 1127 4514 aetus
1150 4447 1193 4514 ad
1215 4447 1348 4514 Orionm

644 4557 728 4624 Post
749 4557 867 4624 insana
889 4555 1020 4646 Caprae
1043 4558 1152 4625 sidera
1172 4558 1314 4644 frigidas

686 4667 812 4736 Nonius
835 4693 899 4736 non
922 4669 992 4735 sine
1014 4668 1127 4734 multis

729 4779 892 4847 Iusomnis
915 4779 1059 4847 lacrimis
1081 4779 1162 4866 agit.
