3526 5468
907 381 1062 446 EPODON

561 565 690 655 Inpube
711 588 837 656 corpus,
860 567 956 656 quale
977 574 1092 656 posset
1115 567 1208 657 inpia

604 677 736 745 Mollire
759 677 924 746 Thracum
946 685 1100 768 pectora:

563 788 712 872 Canidia,
733 791 891 858 brevibus
913 791 1076 880 inplicata
1098 792 1224 881 viperis

606 900 724 969 Crines
747 909 782 970 et
803 902 1006 992 incomptum
1028 911 1136 992 caput,

562 1014 661 1081 Iubet
682 1014 844 1102 sepulcris
867 1015 1039 1104 caprificos
1059 1023 1182 1096 erutas,

604 1125 704 1193 Iubet
726 1148 899 1214 cupressos
920 1126 1077 1195 funebres

562 1237 609 1304 Et
629 1243 731 1305 uncta
751 1238 860 1326 turpis
883 1261 945 1306 ova
967 1261 1070 1306 ranae
1093 1239 1254 1325 sanguine

604 1348 818 1439 Plumamque
841 1355 1022 1418 nocturnae
1046 1351 1163 1438 strigis

562 1461 764 1551 Herbasque‚
787 1485 870 1551 quas
891 1463 1000 1530 Iolcos
1021 1469 1122 1552 atque
1145 1463 1285 1530 Hiberia

604 1572 715 1640 Mittit
737 1595 939 1641 venenorum
960 1575 1064 1655 ferax,

562 1685 609 1751 Et
630 1708 707 1753 ossa
728 1686 769 1752 ab
792 1707 848 1752 ore
873 1659 974 1774 rapta
995 1687 1127 1754 ieiunae
1152 1688 1242 1754 oanis

603 1795 762 1865 Flammis
785 1797 882 1864 aduri
905 1795 1077 1866 Colchicis.

560 1907 611 1975 At
631 1909 791 1998 expedita
813 1907 955 1996 Sagana,
977 1932 1037 1998 per
1059 1916 1166 1978 totam
1189 1911 1318 1978 domum

604 2018 773 2108 spargens
794 2021 977 2089 Avernales
1000 2045 1110 2111 aquas,

560 2130 687 2200 Horret
706 2132 835 2221 capillis
856 2138 896 2200 ut
917 2135 1065 2201 marinus
1086 2135 1214 2223 asperis

602 2243 750 2311 Echinus
772 2250 832 2312 aut
854 2244 1005 2314 Laurens
1028 2268 1116 2334 aper.

560 2348 694 2422 Abanta
715 2356 808 2424 nulla
830 2356 916 2424 Veia
939 2357 1141 2426 conscientia

603 2466 788 2554 Ligonibus
811 2468 903 2537 duris
925 2470 1058 2537 humum

559 2578 800 2662 Exhauriebat,
821 2580 993 2666 ingemens
1013 2582 1191 2663 laboribus,

603 2688 676 2772 Quo
698 2697 813 2779 posset
835 2691 979 2760 infossus
1001 2715 1084 2781 puer

560 2800 677 2888 Longo
700 2802 753 2870 die
775 2803 827 2871 bis
846 2808 963 2892 terque
986 2809 1133 2872 mutatae
1160 2804 1256 2893 dapis

602 2913 764 2981 *Inemori
786 2916 985 3003 spectacula

561 3022 644 3092 Cum
665 3026 869 3114 promineret
891 3049 955 3110 ore,
978 3035 1138 3116 quantum
1160 3035 1296 3095 exstant
1315 3051 1402 3117 aqua

603 3135 770 3226 Suspenso
791 3145 903 3206 mento
924 3163 1070 3229 corpora,

561 3248 726 3317 *Exsecta
745 3250 797 3317 uti
818 3251 965 3318 medulla
986 3257 1022 3319 et
1044 3251 1172 3318 aridum
1195 3252 1286 3319 ieeur

602 3360 738 3429 Amoris
756 3369 847 3430 esset
867 3362 1029 3451 poculum,

560 3472 781 3540 interminato
805 3497 878 3541 oum
901 3475 1004 3542 semel
1030 3475 1117 3542 fixae
1141 3475 1213 3543 oibo

602 3583 833 3654 Intabuissent
852 3587 1007 3675 papulae.

560 3693 636 3762 Nou
659 3695 804 3765 definisse
826 3697 991 3765 masculae
1012 3698 1161 3766 libidinis

603 3807 835 3876 Arminensem
856 3809 985 3876 Foliam

559 3919 607 3987 Et
629 3920 738 3987 otiosa
761 3917 905 3986 credidit
925 3918 1086 4008 Neapolis

603 4030 651 4097 Et
674 4053 769 4098 omne
789 4031 935 4098 vicinum
957 4031 1128 4119 oppidum

561 4140 656 4224 Quae
678 4141 791 4209 sidera
813 4148 995 4210 excantata
1015 4165 1095 4210 voce
1118 4142 1280 4210 Thessala

603 4252 796 4343 Lunamque
820 4254 912 4321 caelo
935 4254 1067 4342 deripit.

561 4362 626 4432 Hie
648 4363 849 4434 inresectum
871 4387 972 4434 saeva
995 4367 1095 4434 dente
1117 4365 1220 4434 livido

605 4474 748 4544 Canidia
769 4476 890 4546 rodens
911 4479 1064 4567 pollicem

563 4585 652 4669 Quid
675 4588 763 4656 dixit
784 4595 845 4658 aut
867 4590 948 4680 quid
969 4590 1099 4658 tacuit?
1138 4587 1179 4656 Ὀ
1201 4592 1301 4660 rebus
1324 4591 1405 4658 meis

604 4699 679 4767 Non
702 4701 853 4770 infideles
875 4701 1034 4784 arbitrus,
