3566 5460
942 481 1147 544 enunssNVM

630 667 678 734 Et
700 667 861 757 quidquid
881 690 1020 757 usquam
1043 667 1227 755 concipitur
1249 667 1342 735 nefas

630 779 814 860 'Praetavit
837 802 918 864 agro
942 779 999 869 qni
1021 779 1143 846 statuit
1164 801 1235 846 mcc

672 891 720 958 Te
741 891 840 958 triste
862 891 996 976 lignum,
1019 897 1054 958 te
1078 890 1237 958 caducum

716 1003 757 1068 In
780 1003 903 1070 domini
926 1008 1026 1090 caput
1047 1003 1250 1070 inmerentis.

629 1174 718 1256 Quid
742 1175 878 1264 quisque
901 1175 997 1255 vitet,
1022 1197 1198 1264 numquam
1220 1174 1345 1248 homini
1367 1176 1451 1242 satis

631 1285 806 1354 Cautumst
826 1287 860 1352 in
883 1288 1000 1354 horas:
1023 1288 1141 1354 navita
1164 1286 1371 1374 Bosphorum

672 1399 811 1487 Thynus
833 1399 1058 1486 perhorrescit
1079 1421 1184 1488 neque
1206 1399 1297 1466 ultra

715 1508 823 1578 Caeca
844 1511 984 1578 timetve
1006 1511 1141 1578 aliunde
1163 1511 1245 1591 fata,

627 1683 725 1750 Miles
747 1683 892 1768 sagittas
914 1689 949 1750 et
971 1684 1111 1750 colerem
1132 1683 1244 1768 fugam

626 1795 754 1875 Parthi,
779 1801 913 1862 catenas
936 1794 1083 1862 Parthus
1105 1800 1139 1862 et
1161 1794 1285 1861 Italum

668 1906 799 1992 Robur;
822 1907 880 1973 sed
903 1907 1075 1995 inprovise
1094 1906 1154 1974 leti

713 2017 774 2085 Vis
795 2019 910 2106 rapuit
930 2019 1104 2108 rapietque
1125 2024 1251 2104 gentes.

626 2189 733 2272 Quem
756 2213 860 2278 paene
883 2192 999 2258 furvae
1022 2214 1126 2276 regna
1148 2191 1367 2280 Proserpinae

625 2302 674 2369 Et
694 2302 896 2370 iudicantem
918 2303 1061 2370 vidimus
1085 2302 1232 2370 Aeacum

669 2411 837 2504 Sedesque
860 2415 1023 2481 discretas
1044 2415 1173 2502 piemon
1197 2421 1232 2481 et

709 2523 837 2592 Aeoliis
860 2525 980 2592 fidibus
1002 2531 1197 2615 querentem

625 2696 758 2787 Sappho
781 2697 901 2785 puellis
922 2698 963 2764 de
985 2697 1199 2787 popularibus

623 2809 671 2876 Et
691 2815 726 2876 tc
751 2816 922 2876 sonantem
943 2809 1074 2898 plenius
1097 2831 1205 2890 aureo,

666 2919 799 3000 Aleuae,
822 2921 951 3009 plectro
974 2920 1059 2988 dura
1080 2921 1184 3000 navis,

710 3033 804 3100 Dure
824 3033 925 3119 fugae
947 3032 1044 3114 mela,
1068 3033 1152 3099 dura
1173 3033 1262 3099 belli.

623 3205 807 3294 Vtrumque
830 3226 925 3271 sacro
948 3204 1050 3290 digna
1071 3203 1204 3271 silentio

623 3317 792 3384 Mirantur
811 3318 947 3384 umbrae
972 3316 1097 3399 dicere;
1120 3315 1180 3382 sed
1202 3315 1309 3402 magis

665 3428 801 3514 Pugnae
824 3434 860 3494 et
881 3433 1017 3496 exactos
1042 3407 1206 3515 tyrannos

710 3541 858 3607 Densmn
880 3539 1003 3606 umeris
1025 3539 1110 3606 bibit
1133 3561 1213 3606 aure
1235 3540 1363 3625 volgus.

623 3710 711 3793 Quid
734 3711 865 3792 mirum,
889 3711 946 3777 uhi
967 3711 1035 3777 illis
1059 3711 1256 3778 carminibus
1281 3716 1418 3800 stupens

622 3823 783 3890 Domittit
804 3829 896 3890 atras
918 3823 1018 3890 belus
1041 3823 1207 3912 centiceps

665 3933 777 4002 Aures
800 3941 836 4002 et
857 3934 977 4002 intorti
999 3934 1129 4023 capillis

709 4045 929 4114 Eumenidum
949 4051 1144 4114 recreantur
1166 4047 1315 4132 angues?

623 4217 711 4299 Quin
732 4225 768 4285 et
789 4217 1007 4284 Prometheus
1033 4222 1069 4283 et
1088 4216 1224 4305 Pelopis
1245 4239 1367 4306 parens

622 4329 722 4396 Dulei
745 4330 892 4396 laborem
916 4329 1082 4418 decipitur
1104 4352 1183 4396 sono

665 4441 737 4516 Neo
760 4447 855 4508 curat
878 4440 981 4507 Orion
1002 4441 1114 4508 leones

708 4551 782 4628 Aut
802 4551 937 4620 timidos
960 4552 1092 4638 agitare
1114 4552 1239 4640 lyncas.

932 4760 1136 4773 ...ι-*ιι-
