3566 5460
928 435 1132 497 CARMINVM

659 621 806 709 Pauperi
828 619 1013 688 recluditur

701 731 895 821 Regumque
916 730 1056 820 lpueris,
1078 754 1137 798 uec
1158 730 1294 798 satelles
1317 729 1395 797 Orci

659 843 824 911 Callidum
845 843 1044 910 Promethea

700 956 848 1024 Revexit
871 979 951 1022 auro
975 961 1100 1044 captus.
1144 953 1208 1021 Hie
1231 953 1408 1042 superbum

658 1109 838 1178 Tantalum
861 1117 962 1200 atque
984 1109 1119 1178 Tantali

703 1221 816 1290 Genus
839 1222 1000 1303 cohercet,
1022 1222 1077 1288 hic
1099 1222 1212 1288 levare
1236 1221 1384 1288 functum

657 1333 844 1424 Pauperem
866 1333 1034 1401 laboribus

700 1446 848 1514 Vocatus
866 1451 966 1534 atque
986 1469 1051 1512 nou
1073 1449 1212 1512 vocatus
1235 1444 1339 1512 audit.

949 1823 1111 1900 XVIHI.

657 1978 824 2047 Bacchum
846 1979 880 2045 in
902 1977 1039 2046 remotis
1061 1979 1208 2046 carmina
1229 1978 1366 2066 rupibus

657 2089 739 2159 Vidi
762 2091 942 2169 docentem,
965 2089 1100 2170 credite,
1122 2090 1258 2178 posteri,

700 2201 939 2290 Nymphasque
962 2199 1130 2268 discentes
1152 2207 1188 2268 et
1210 2223 1309 2269 aures

745 2311 968 2402 capripedum
991 2311 1189 2401 Satyrorum
1211 2319 1337 2380 acutas.

658 2467 785 2549 Euhoe,
805 2468 934 2535 recenti
954 2489 1047 2535 mens
1068 2468 1217 2556 trepidat
1237 2473 1329 2534 metu

656 2579 826 2670 Plenaque
848 2579 972 2647 Bacchi
994 2585 1129 2667 pectore
1151 2579 1321 2646 turbidum

700 2691 874 2759 Laetatur.
918 2690 1042 2770 Euhoe,
1065 2713 1172 2779 parea,
1195 2689 1305 2771 Liber,

742 2802 855 2883 Parce,
878 2803 975 2888 gravi
997 2802 1173 2868 metuende
1195 2803 1324 2891 thyrso.

658 2955 725 3025 Fas
746 2957 937 3045 pervicaces
962 2958 1033 3023 *est
1054 2957 1136 3023 mihi
1157 2955 1330 3044 'lbyiadas

657 3069 800 3158 Viniqne
821 3068 948 3135 fontem
969 3068 1067 3136 laetis
1088 3075 1124 3135 et
1145 3069 1265 3136 uberes

701 3179 846 3250 Contere
868 3181 958 3250 rivos
983 3186 1085 3271 atque
1104 3181 1232 3248 borneis

744 3289 858 3381 Lapsa
879 3291 969 3359 cavis
991 3293 1116 3360 iterare
1138 3292 1253 3377 mella;

656 3444 725 3513 Fas
747 3453 783 3512 et
804 3448 922 3514 beatae
946 3447 1094 3532 coniugis
1117 3446 1266 3514 additum

657 3556 774 3624 Stellio
798 3558 956 3626 honorem
979 3565 1134 3648 tectaque
1156 3557 1299 3625 Penthei

698 3669 852 3738 Disiecta
874 3693 939 3736 non
959 3670 1028 3736 leni
1048 3669 1153 3750 ruina,

744 3780 883 3848 Thracis
905 3786 941 3848 et
963 3783 1101 3849 exitium
1124 3781 1281 3870 Lycurgi.

657 3934 709 4003 Tu
730 3935 838 4004 flectis
861 3958 981 4017 amnes,
1002 3943 1041 4004 tu
1062 3958 1153 4004 mare
1175 3937 1362 4018 barbarum,

657 4045 709 4114 Tu
729 4047 894 4136 separatis
915 4048 1036 4115 nvidus
1058 4048 1092 4114 in
1112 4047 1201 4133 iugis

699 4157 796 4226 Nede
819 4159 974 4227 coherces
994 4159 1145 4248 viperino

742 4269 953 4337 Bistonidum
976 4271 1047 4337 sine
1069 4269 1186 4337 fraude
1211 4270 1327 4337 crines.

657 4424 716 4506 Tu,
739 4447 812 4492 eum
834 4424 985 4512 parentis
1005 4446 1109 4511 regna
1128 4445 1189 4512 per
1211 4425 1350 4492 arduum

658 4534 784 4604 Cohors
808 4533 992 4623 Gigantum
1013 4535 1191 4604 scanderet
1210 4537 1311 4624 inpia

699 4645 868 4716 Rhoetum
889 4648 1058 4716 retorsisti
1078 4648 1184 4715 leonis

744 4759 921 4847 Vnguibus
938 4757 1161 4850 ‘horribilique
1183 4759 1286 4844 mele;
