3526 5468
818 778 901 854 XV.

420 933 495 1001 Nox
518 939 592 1001 erat
614 938 649 1000 et
670 933 761 1001 caelo
782 933 934 1020 fulgebat
956 932 1052 1001 Luna
1074 956 1190 1002 sereno

462 1045 558 1113 luter
580 1045 707 1112 minora
728 1045 847 1126 sidera,

421 1156 503 1225 Cum
524 1163 572 1238 tu,
592 1180 786 1246 magnorum
808 1179 928 1225 numen
949 1157 1082 1224 laesura
1104 1158 1247 1239 deorum,

462 1269 503 1335 In
525 1269 629 1338 verba
650 1269 784 1337 iurabas
806 1291 887 1351 moa,

420 1381 540 1449 Artius
562 1387 663 1472 atque
684 1381 809 1450 hedera
830 1404 968 1470 procera
989 1381 1212 1468 adstringitur
1233 1382 1301 1450 ilex

464 1493 583 1561 Lentis
607 1493 792 1562 adhaerens
813 1493 986 1576 bracchiis,

422 1605 526 1673 rDum
547 1605 660 1695 pecori
680 1605 779 1695 lupus
801 1611 836 1673 et
855 1606 967 1674 nautis
988 1605 1130 1674 infestus
1150 1605 1260 1687 Orion,

463 1715 629 1786 amoma
649 1717 822 1786 hibernum
844 1740 945 1801 maro,

421 1829 639 1920 Intonsosquo
662 1831 810 1917 agitaret
830 1829 999 1919 Apollinis
1020 1852 1103 1897 aura
1125 1829 1270 1920 capillos,

464 1940 550 2009 Fore
571 1942 657 2010 huno
677 1965 821 2010 amorem
843 1947 999 2010 mutuum.

421 2052 450 2118 Ο
473 2053 618 2121 dolitura
639 2077 713 2122 mea
732 2055 873 2122 multum
893 2055 1021 2122 virtute
1043 2053 1190 2121 Neaera!

464 2163 550 2234 Nam
572 2165 682 2256 siquid
703 2166 739 2233 in
757 2165 876 2234 Flacco
896 2166 1004 2247 virist,

421 2276 497 2345 Non
519 2278 607 2346 foret
628 2277 785 2346 adsiduas
808 2278 931 2366 potiori
953 2283 988 2345 ta
1010 2277 1090 2346 dare
1111 2283 1225 2345 noctes

464 2390 511 2457 Et
530 2396 670 2480 quaeret
690 2390 797 2458 iratum
815 2413 942 2480 parem,

422 2501 493 2570 Neo
514 2502 616 2570 semol
636 2502 754 2570 offensi
772 2500 869 2571 cedet
891 2501 1079 2570 constantia
1099 2502 1233 2584 formae,

461 2613 502 2682 Si
523 2621 634 2682 cortus
654 2614 792 2682 intrarit
812 2615 914 2682 dolor.

421 2726 469 2793 Et
489 2733 537 2808 tu,
558 2725 780 2818 quicumque’s
802 2725 932 2794 felicior
953 2731 1053 2817 atque
1075 2749 1147 2794 meo
1169 2751 1255 2794 nuno

465 2836 635 2927 Superbus
656 2839 783 2907 incedis
806 2839 901 2920 malo,

423 2949 476 3018 Sis
497 2973 617 3040 pecora
639 2957 675 3018 ot
696 2949 801 3019 multa
823 2950 918 3019 dives
939 2950 1059 3017 tellure
1081 2948 1205 3032 licebit,

464 3061 604 3153 'Iibiqua
624 3062 781 3131 Pactolus
803 3063 895 3144 fluat,

423 3173 493 3242 Nec
513 3182 549 3242 te
570 3173 785 3265 Pythagorae
807 3174 928 3243 fallant
947 3196 1070 3243 aroana
1091 3173 1209 3254 renati,

465 3284 650 3378 Formaque
671 3288 786 3356 vincas
807 3286 919 3370 Nirea,

422 3396 526 3482 Eheu,
547 3400 730 3468 translatos
752 3399 818 3466 alio
840 3398 1002 3467 maerebis
1024 3421 1161 3466 amores.

465 3509 533 3580 Ast
553 3534 616 3600 ogo
637 3511 783 3581 vicissim
806 3511 919 3580 risero.

756 3727 960 3740 ..ὑ-Ι

808 3881 911 3960 XVI.

425 4035 548 4104 Altera
568 4037 633 4104 iam
656 4035 780 4104 teritur
802 4036 901 4105 bellis
922 4034 1076 4105 civilibus
1096 4041 1199 4118 aetas,

467 4147 542 4216 Suis
565 4154 600 4216 et
621 4149 696 4238 ipsa
716 4148 824 4216 Roma
845 4149 971 4218 viribus
992 4149 1069 4216 ruit

424 4261 529 4344 Quam
550 4282 655 4350 neque
676 4259 809 4329 finitimi
830 4260 1008 4328 valuerunt
1027 4261 1168 4350 perdere
1189 4260 1302 4342 Marsi,

465 4373 605 4440 Minaeis
626 4379 686 4441 aut
706 4374 852 4442 Etrusca
871 4372 1036 4442 Porsenae
1058 4395 1182 4455 manus,

422 4485 567 4553 Aemula
587 4507 648 4552 neo
668 4486 777 4554 viras
799 4484 932 4575 Capuae
954 4507 1015 4552 nec
1037 4483 1218 4573 Spartacus
1244 4509 1322 4554 acer

466 4595 637 4686 Novisque
658 4599 759 4666 robus
779 4597 923 4665 infidelia
943 4596 1115 4679 Allobrox,

421 4709 495 4776 Nee
513 4710 588 4776 fera
607 4709 760 4778 caerulea
782 4709 909 4777 domuit
930 4707 1111 4777 Germania
1132 4711 1219 4799 pube

466 4820 731 4912 Parentibusque
754 4822 961 4890 abominatus
982 4821 1166 4890 Hannibal:
