3566 5460
755 476 872 543 Lmen
892 474 943 542 ΠΙ.

459 662 722 746 Desiderantem
747 664 834 754 quod
856 665 938 732 satis
962 670 1021 746 est,
1042 687 1150 755 neque

460 775 711 843 Tumultucsnm
734 775 897 844 sollicitat
918 798 1009 844 mare

501 886 573 955 Nec
596 909 717 954 saevus
741 887 880 954 Arcturi
902 888 1051 956 cedentis

545 999 694 1087 Impetus
718 1000 939 1067 antodenus
962 999 1080 1081 Haedi,

461 1153 534 1219 Non
557 1154 755 1220 verberatae
778 1154 941 1240 grandine
963 1155 1082 1221 vineae

461 1263 662 1354 Fundusque
689 1264 843 1346 mendax,
876 1266 993 1332 arbore
1024 1289 1109 1333 nunc
1139 1287 1243 1356 eques

505 1374 677 1465 Chlpanta
701 1401 786 1443 nuno
808 1378 973 1445 torrentia
996 1400 1095 1464 agros

547 1486 673 1568 Sidere,
695 1512 783 1555 nunc
804 1488 929 1556 hiemes
950 1489 1090 1578 iniquas.

463 1639 659 1728 [Contracta
681 1643 789 1732 pisces
810 1665 955 1732 aequore
977 1643 1128 1710 sentiunt

462 1753 566 1821 Iactis
586 1753 621 1820 in
645 1753 750 1821 altum
770 1754 928 1821 molibus:
950 1754 1015 1820 huc
1036 1753 1193 1843 frequens

506 1863 686 1932 caementa
708 1865 858 1933 demittit
879 1866 1069 1954 redemptor

550 1977 632 2046 Cum
653 1977 787 2045 famulis
810 1977 1025 2067 dominusque
1047 1983 1159 2044 terrae

464 2129 683 2200 Fastidiosus.
727 2131 794 2199 Sed
816 2131 929 2199 Timor
951 2139 986 2198 et
1007 2131 1119 2199 Minae

464 2240 636 2310 Scendunt
658 2244 780 2324 eodem,
803 2267 865 2333 quo
889 2243 1047 2324 dominus,
1069 2265 1176 2332 neque

507 2354 652 2422 Decedit
674 2360 791 2422 aerata
812 2355 943 2422 triremi
966 2361 1002 2422 et

550 2465 633 2533 Post
655 2467 800 2556 equitem
822 2466 919 2534 sedet
941 2471 1016 2534 atre
1039 2464 1147 2552 Cura]

466 2619 591 2702 Quodsi
615 2620 781 2687 dolentem
804 2643 864 2687 neo
888 2619 1057 2708 Phrygius
1079 2619 1165 2708 lapis

466 2730 537 2799 Nec
558 2753 778 2820 purpurarum
800 2731 910 2799 sidere
933 2731 1055 2799 clarior

509 2843 646 2910 Delenit
667 2867 748 2911 usus
771 2865 830 2910 nec
852 2842 998 2910 Falerna

552 2953 643 3022 Vitis
662 2953 987 3044 Achaemeniumque
1010 2961 1153 3022 costum:

468 3108 536 3176 Cur
558 3109 747 3177 invidendis
767 3109 920 3198 postibus
943 3115 978 3176 et
1000 3133 1084 3177 novo

468 3219 615 3288 Sublime
634 3221 705 3288 ritu
725 3221 844 3288 molier
865 3221 1013 3288 atrium?

511 3331 579 3400 Cur
600 3332 689 3400 valle
710 3339 894 3422 permutem
917 3329 1043 3399 Sabina

553 3441 703 3512 Divitias
725 3443 957 3532 operosiores‘?

470 3976 657 4063 Angustam
682 3974 786 4043 amice
808 3975 1002 4064 pauperiem
1022 3973 1096 4063 pati

471 4085 640 4154 Robustns
661 4087 732 4154 acri
752 4085 874 4153 militia
894 4107 978 4174 puer

514 4197 695 4266 condiscat
716 4204 752 4265 et
773 4197 917 4264 Parthos
939 4197 1067 4264 feroces

555 4309 668 4377 Vexat
690 4329 790 4398 eques
809 4308 1006 4376 metuendus
1027 4309 1126 4376 hasta

471 4461 650 4554 Vitamqne
672 4465 732 4531 sub
755 4463 833 4530 divo
855 4469 890 4529 et
910 4462 1052 4550 trepidis
1074 4467 1154 4548 egat

472 4575 512 4641 In
534 4576 643 4642 rebus.
685 4575 784 4642 Illum
807 4597 849 4641 ex
869 4573 1039 4641 moenibus
1061 4571 1200 4640 hosticis

513 4685 671 4754 Matrona
690 4687 848 4754 bellantis
869 4687 1009 4775 tyranni

558 4797 770 4887 Prospiciens
792 4806 828 4866 et
850 4797 967 4865 adulte
992 4798 1089 4885 virgo

1288 4896 1325 4954 ⁴*
