3566 5460
932 445 1136 508 OARMINVM

668 630 705 698 Si
726 655 792 700 non
813 631 941 720 perires
962 631 1204 712 inmiserabilis,

669 741 816 831 Captiva
837 744 949 831 pubes.
988 740 1108 830 ‘Signa
1130 765 1192 828 ego
1215 741 1349 809 Punicis

711 853 836 921 Adfixa
858 855 1005 922 delubris
1028 859 1064 920 et
1082 877 1175 922 arma
1205 871 1210 880 '

753 965 918 1034 Militibus
938 966 1010 1033 sine
1033 960 1145 1033 eaede’
1171 965 1258 1032 dixit

661 1153 828 1246 ‘Derepta
851 1156 929 1236 vidi,
954 1155 1024 1222 vidi
1046 1177 1108 1242 ego
1130 1154 1252 1222 nivium

667 1269 812 1335 Retorta
833 1276 930 1354 tergo
952 1267 1107 1335 braeohia
1128 1266 1232 1333 libero

710 1379 895 1469 Portasque
919 1403 982 1447 non
1004 1379 1134 1446 olansas
1157 1384 1192 1444 et
1214 1399 1295 1444 arva

752 1490 863 1558 Marte
886 1491 950 1558 ooli
970 1490 1131 1579 populata
1153 1493 1275 1555 nostro.

666 1697 759 1766 Auro
782 1719 943 1785 repensus
963 1696 1092 1765 seilicet
1114 1697 1222 1765 aerior
1295 1761 1298 1766 .

665 1810 763 1877 Miles
785 1809 917 1876 redibit.
961 1807 1110 1894 Flagitio
1131 1808 1256 1876 additis

709 1922 889 1988 Damnum:
912 1943 1017 2010 neque
1040 1920 1179 1988 amissos
1203 1919 1328 1987 eolores

751 2033 847 2099 Lana
868 2032 973 2099 refert
992 2032 1156 2099 medioata
1177 2030 1261 2112 fuoo,

665 2237 737 2306 Neo
758 2259 841 2305 vers
864 2239 980 2318 virtus,
1004 2262 1077 2306 enm
1099 2237 1201 2305 semol
1223 2237 1356 2316 excidit

666 2347 771 2416 Curat
791 2350 907 2438 reponi
930 2348 1159 2417 deterioribus.

707 2459 744 2527 Si
767 2468 895 2548 pugnat
918 2461 1084 2528 extricata
1106 2459 1217 2528 densis

750 2569 860 2638 Cerva
882 2572 1000 2660 plagis,
1023 2572 1089 2639 erit
1111 2572 1168 2671 ille
1191 2571 1298 2652 fortis,

664 2777 730 2860 Qui
750 2779 886 2866 perfidis
908 2800 944 2846 se
965 2778 1108 2846 eredidit
1127 2777 1287 2858 hostibus

663 2889 711 2956 Et
732 2897 839 2957 marte
862 2889 991 2958 Poenos
1013 2895 1165 2979 proteret
1188 2889 1303 2969 altero,

707 2999 773 3082 Qui
793 3001 866 3069 lora
890 3002 1056 3070 restrictis
1077 3000 1212 3069 lacertis

749 3111 862 3182 Sensit
883 3114 973 3182 iners
994 3113 1174 3203 timuitque
1196 3117 1344 3180 mortem

662 3319 735 3398 Hie,
758 3318 845 3386 unde
868 3319 974 3387 vitam
997 3325 1143 3387 sumeret
1165 3319 1291 3400 anxius,

663 3428 783 3498 Paeem
804 3429 915 3498 duello
938 3430 1078 3498 miscuit.
1123 3429 1297 3519 Opudorl

706 3541 733 3606 Ο
756 3565 877 3627 magna
896 3541 1083 3628 Karthago,
1106 3541 1276 3630 probrosis

748 3651 862 3720 Altior
883 3652 1005 3720 Italiae
1027 3647 1161 3720 rniuisl’

661 3856 784 3925 Fertur
804 3857 945 3946 pudicae
969 3857 1118 3943 coniugis
1141 3857 1287 3925 osculnm

661 3968 856 4058 Parvosque
876 3974 973 4037 natos
994 3974 1034 4036 ut
1056 3969 1177 4058 eapitis
1200 3969 1306 4035 minor

703 4079 758 4146 Ab
782 4101 818 4148 se
839 4079 1019 4149 removisse
1043 4086 1079 4146 et
1099 4080 1230 4147 virilem

746 4191 875 4259 Torvus
897 4190 988 4258 humi
1010 4191 1160 4279 posuisse
1182 4192 1318 4272 voltum,

659 4397 775 4464 Donec
795 4397 946 4465 labantes
969 4397 1106 4464 oonsilio
1129 4404 1244 4486 patres

659 4507 828 4576 Firmaret
850 4515 966 4576 auotor
987 4530 1163 4598 numquam
1183 4509 1266 4578 elias
1295 4509 1373 4578 dato

701 4619 861 4709 Interque
881 4626 1069 4687 maerentes
1091 4620 1213 4688 amieos

745 4729 912 4818 Egregius
935 4737 1133 4819 properaret
1154 4732 1257 4800 exssrl.
