3566 5460
178 463 292 551 vnn]

770 471 884 537 meua
906 470 954 534 ln.

429 657 484 726 Me
506 665 616 726 torret
637 659 710 725 face
736 663 852 724 mutua

463 769 603 837 Thurini
625 768 738 838 Celeia
761 769 848 836 filius
870 767 1000 857 Ornyti,

421 883 487 948 Pro
508 905 572 972 quo
595 883 646 948 bis
669 883 778 970 patiar
799 881 891 962 mori,

465 992 500 1059 si
522 1000 664 1082 parcent
682 1013 786 1082 puero
807 994 880 1060 feta
903 989 1102 1079 superstiti’

416 1153 521 1238 ‘Quid
543 1156 572 1223 ei
592 1157 704 1246 prisce
723 1156 813 1223 redit
834 1177 938 1222 venue

465 1266 695 1358 Diductosque
718 1269 796 1355 iugo
819 1267 911 1354 cogit
932 1266 1084 1333 aheneo?

421 1377 459 1447 Si
481 1380 570 1449 flava
593 1381 763 1447 excutitur
785 1378 888 1445 Chloe

465 1490 707 1582 †Reieetaeque
728 1497 826 1580 patet
848 1491 950 1559 ianua
972 1484 1139 1580 Lydiael'

416 1651 636 1744 ‘Quamquam
659 1655 768 1722 sidere
790 1653 961 1744 pulchrior

465 1766 570 1848 Illest
592 1773 632 1834 tu
653 1766 760 1834 levior
783 1766 905 1833 cortice
929 1773 964 1832 et
985 1765 1123 1853 inprobo

421 1877 616 1946 Iracuudior
637 1877 783 1946 Hadria:

465 1988 586 2056 Tecum
608 1991 723 2057 vivere
747 2011 867 2070 amem,
889 1996 999 2056 tecum
1021 1989 1135 2056 obeam
1159 1985 1295 2056 libensl'

760 2207 963 2216 -u--a—-o-n

841 2350 886 2425 X.

422 2503 618 2572 Extremum
640 2502 768 2572 'l'enuin
791 2503 820 2572 si
842 2503 981 2583 biberen,
1003 2503 1104 2592 Lyce,

424 2615 532 2684 Saevo
555 2621 661 2704 nupta
681 2616 763 2698 viro,
785 2637 836 2682 me
856 2622 969 2682 temen
993 2635 1127 2698 asperas

467 2727 661 2796 Porrectum
684 2733 761 2794 ante
784 2728 872 2794 fores
894 2728 1023 2794 obicere
1046 2727 1162 2794 incolis

508 2838 666 2906 Ploraree
687 2837 918 2928 Aquilonibus.

423 2993 540 3076 Audis,
561 3017 623 3083 quo
647 2993 793 3082 strepitu
814 2993 922 3075 ianua,
945 3017 1009 3083 quo
1031 3014 1146 3060 nemus

424 3107 519 3173 Inter
537 3105 676 3194 pulchre
698 3110 806 3172 satum
828 3110 918 3172 tecta
939 3106 1106 3192 remugiat

467 3215 596 3299 Ventis,
620 3223 656 3283 et
677 3217 804 3306 positae
826 3221 866 3283 ut
887 3217 1012 3302 glaciet
1027 3217 1120 3284 nives

510 3329 602 3396 Duro
623 3328 756 3396 numine
777 3328 952 3418 Iuppiter?

424 3483 598 3570 Ingratum
619 3482 744 3550 Veneri
764 3504 849 3572 pone
872 3481 1068 3572 superbiam,

424 3594 477 3662 Ne
499 3602 652 3662 comente
673 3599 765 3661 retro
786 3593 875 3661 funis
899 3600 956 3662 eet
977 3600 1066 3661 rota:

467 3704 542 3773 Nou
563 3713 599 3773 te
621 3705 810 3795 Penelopen
832 3704 1000 3773 difficilem
1022 3706 1132 3793 procis

510 3817 704 3906 Tyrrhenus
727 3817 844 3903 genuit
865 3839 995 3906 parens.

425 3971 454 4036 Ο
478 3972 627 4061 quamvis
648 3992 755 4061 neque
779 3978 814 4038 te
835 3993 974 4038 munera
995 3995 1055 4039 nec
1076 3993 1191 4060 preces

424 4081 496 4150 Neo
518 4083 644 4151 tinctus
667 4083 757 4150 viole
776 4082 884 4170 pallor
906 4083 1088 4150 amantium

468 4193 539 4260 Nee
558 4195 611 4262 vir
633 4195 746 4262 Pieria
766 4195 894 4282 paelice
917 4195 1048 4262 saucius

512 4304 646 4386 Currat,
671 4306 875 4395 supplicibus
896 4307 965 4374 tuis

423 4458 556 4542 Pareae,
580 4479 641 4528 nec
661 4459 774 4546 rigide
796 4459 926 4526 mollior
948 4460 1080 4528 aesculo

424 4570 497 4638 Nec
516 4570 645 4638 Mauris
667 4572 811 4639 animum
832 4571 947 4638 mitior
969 4571 1140 4657 anguibus.

468 4681 545 4750 Non
565 4682 628 4750 hoo
650 4704 780 4772 semper
801 4683 866 4750 erit
886 4683 1011 4750 liminis
1031 4689 1091 4750 eut
1112 4704 1217 4773 aquae

513 4792 676 4862 Caelestis
699 4795 832 4883 patiens
854 4793 953 4861 latus.
