3566 5460
857 751 947 828 ΠΗ.

524 905 697 972 Descende
722 905 814 973 eaelo
838 911 873 970 et
896 903 949 970 dio
971 925 1035 991 age
1056 905 1142 972 tibia

524 1015 656 1102 Regina
678 1016 813 1102 longum
835 1014 983 1103 Calliope
1005 1017 1116 1098 melos,

567 1125 633 1194 Seu
655 1149 736 1194 voee
759 1151 846 1194 nuno
867 1127 975 1195 mavis
998 1133 1098 1194 acuta

609 1237 676 1305 Seu
697 1237 817 1306 fidibus
840 1238 1035 1328 citharaque
1058 1237 1191 1306 Phoebi.

523 1409 669 1490 Auditis,
692 1432 735 1476 an
757 1431 809 1476 me
831 1409 920 1476 ludit
942 1409 1092 1478 amabilis

523 1520 683 1589 Insania?
727 1519 856 1588 Audire
876 1527 912 1587 et
932 1522 1049 1590 videor
1069 1522 1141 1612 pios

564 1632 689 1700 Errare
711 1655 771 1722 per
793 1633 893 1714 lnoos,
915 1655 1073 1702 amoenae

607 1743 699 1825 Quos
721 1751 757 1811 et
778 1767 884 1834 aquae
906 1745 1049 1812 subeunt
1071 1751 1106 1812 et
1126 1766 1237 1812 aurae.

522 1914 576 1982 Me
599 1915 769 1983 fabulosae
792 1915 933 1982 Volture
955 1916 990 1982 in
1011 1915 1123 2005 Apulo

522 2025 663 2094 Altriois
687 2033 785 2095 extra
805 2027 904 2093 limen
927 2025 1089 2116 *Apuliae

564 2137 661 2206 Ludo
683 2139 927 2227 fatigatumque
950 2161 1063 2204 somno

606 2249 739 2318 Fronde
762 2273 849 2317 nova
870 2271 1009 2338 puerum
1030 2249 1202 2337 palumbes

522 2419 658 2500 Tenere,
681 2421 799 2488 mirum
822 2419 909 2510 quod
931 2419 1020 2487 foret
1043 2419 1199 2500 omnibus,

523 2530 727 2621 Quicumque
750 2533 857 2599 oelsae
880 2530 993 2597 nidum
1015 2529 1241 2598 Acherontiae

565 2641 742 2732 Saltusque
762 2643 926 2711 Bantinos
948 2648 984 2709 et
1003 2665 1119 2710 arvum

607 2752 736 2841 Pingue
758 2758 876 2822 tenent
897 2752 1031 2821 humilis
1052 2752 1199 2834 Forenti,

521 2924 570 2993 Vt
592 2932 666 2993 tuto
688 2928 730 2993 ab
753 2925 837 2994 atris
861 2945 998 3012 corpore
1018 2923 1144 3012 viperis

521 3035 708 3106 Dormirem
731 3043 767 3104 et
788 3037 883 3116 ursis,
905 3041 945 3102 nt
966 3057 1134 3118 premerer
1156 3059 1251 3104 asora

564 3148 741 3239 Lausoque
764 3149 961 3237 conlataque
982 3153 1103 3236 myrto,

607 3259 683 3328 Non
706 3260 777 3328 sine
801 3260 852 3327 dia
875 3258 1041 3327 animosus
1063 3259 1181 3326 infans.

521 3431 653 3512 Vester,
675 3431 849 3512 Camenae,
872 3437 985 3498 vester
1007 3430 1041 3496 in
1068 3431 1190 3497 arduos

521 3543 635 3611 Tollor
657 3541 806 3622 Sabinos,
829 3564 888 3610 seu
910 3541 991 3610 mihi
1013 3541 1171 3627 frigidum

563 3652 747 3721 Praeneste
770 3675 830 3722 sen
850 3651 955 3720 Tibur
977 3653 1129 3742 supinum

607 3763 674 3832 Seu
696 3764 843 3854 liquidae
865 3765 1021 3853 placuere
1045 3762 1160 3830 Baiae.

521 3934 654 4003 Vestris
678 3935 818 4003 amioum
840 3934 987 4002 lontibus
1010 3942 1045 4001 et
1067 3933 1176 4002 eboris

521 4046 597 4114 Non
619 4069 672 4114 me
693 4046 858 4136 Philippis
881 4067 980 4113 versa
1002 4045 1091 4114 aoies
1112 4051 1211 4124 retro,

565 4159 699 4225 Devota
721 4182 786 4225 non
810 4157 956 4224 extinxit
976 4158 1075 4223 arbor

606 4269 677 4336 Neo
700 4265 812 4336 Sicula
832 4268 1010 4336 Palinru'us
1032 4266 1130 4334 unda.
1244 4337 1247 4344 ,

521 4440 709 4530 Vtcumque
730 4461 855 4506 meeum
874 4463 935 4506 vos
958 4439 1061 4520 eritis,
1082 4438 1190 4505 libans

522 4551 749 4620 Insanientem
771 4551 889 4617 navita
909 4549 1116 4638 Bosphorum

564 4663 749 4752 Temptsbo
772 4666 807 4729 et
826 4666 962 4728 urentes
983 4660 1126 4727 harenas

607 4773 734 4840 Litoris
756 4771 893 4862 Assyrii
914 4772 1040 4856 viator,
