3566 5460
769 436 887 502 LIBER
907 442 943 502 11.

491 625 565 692 Non
591 626 678 692 enim
699 647 805 711 gazae
827 646 934 715 neque
957 625 1138 692 consularis

491 735 673 804 submovet
694 735 793 804 lictor
814 737 952 803 miseros
974 736 1137 803 tumultus

491 847 615 915 Mentis
639 855 791 916 stouras
815 848 971 938 laqueata
994 849 1116 915 circum

532 959 638 1027 Teate
660 959 821 1026 volantes.

490 1131 627 1198 Vivitur
647 1153 753 1218 parvo
777 1132 872 1212 bena,
896 1131 948 1198 eui
970 1137 1147 1220 paternum

490 1241 652 1332 Splendet
672 1243 707 1308 in
729 1264 844 1310 mensa
866 1243 961 1309 tenui
982 1242 1123 1309 salinum

489 1353 560 1420 Nee
582 1355 674 1421 leves
696 1377 826 1422 somnos
848 1355 1027 1421 timerent
1050 1353 1168 1442 cupido

532 1463 693 1533 Sordidus
714 1466 833 1532 aufert.

489 1637 577 1719 Quid
597 1637 694 1704 brevi
715 1639 820 1705 fortes
842 1637 1024 1704 iaculamur
1047 1659 1129 1704 aevo

488 1747 621 1816 Multa?
665 1748 754 1830 Quid
776 1753 886 1816 terras
911 1747 977 1815 alio
1000 1748 1149 1816 ualentes

489 1859 565 1928 Sole
587 1861 777 1928 mutamus?
820 1860 958 1928 Patriae
979 1861 1053 1951 quis
1076 1861 1171 1928 exsul

532 1969 575 2038 Se
598 1994 728 2061 quoque
750 1972 864 2059 fugit?

489 2143 629 2212 Soandit
650 2149 783 2212 aeratas
805 2143 930 2211 vitiosa
951 2165 1053 2212 navas

490 2255 579 2322 Cura
601 2277 662 2323 nec
683 2261 812 2322 turmas
834 2256 984 2344 equitum
1006 2255 1174 2344 relinquit,

489 2365 588 2434 Ocior
610 2367 719 2434 nervis
741 2371 777 2434 et
798 2373 921 2453 agente
944 2367 1070 2434 nimbos

532 2478 631 2546 Oaior
652 2478 753 2545 Eure.

490 2649 615 2717 Laetus
636 2650 671 2716 in
692 2671 850 2738 praesens
874 2649 1002 2716 anirnus
1023 2649 1109 2738 quod
1130 2650 1256 2716 ultrast

490 2759 609 2829 Oderit
630 2783 746 2828 aurare
770 2767 806 2827 et
826 2785 941 2828 amara
962 2761 1054 2827 lento

489 2873 667 2960 Temperet
688 2873 774 2956 risu;
796 2872 880 2938 nihil
903 2878 956 2939 est
978 2873 1020 2939 ab
1044 2874 1132 2940 omni

532 2983 633 3052 Parte
654 2986 796 3051 beatum.

489 3156 643 3224 Abstulit
661 3156 786 3225 alarum
809 3157 877 3224 cita
898 3178 986 3222 mors
1010 3153 1200 3237 *Achillem

489 3266 607 3356 Longa
628 3266 807 3334 Tithonum
826 3267 946 3334 minuit
963 3273 1131 3351 senectus3

488 3379 536 3446 Et
556 3379 638 3446 mihi
659 3379 780 3459 forsan,
801 3379 865 3446 tibi
887 3378 975 3469 quod
997 3378 1140 3465 negarit

532 3491 688 3578 Porrigat
708 3491 799 3558 hora

489 3661 536 3730 Te
559 3685 680 3748 greges
702 3669 834 3730 eentum
856 3661 1049 3751 Siculaeque
1073 3661 1195 3728 eireum

489 3769 647 3862 Mugiunt
664 3795 794 3854 vaceae,
816 3774 879 3839 tibi
901 3773 993 3840 tollit
1014 3772 1181 3839 hinnitum

490 3885 584 3975 Apta
605 3885 777 3976 quadrigis
799 3908 890 3975 equa,
913 3889 948 3951 te
970 3884 1021 3950 bis
1043 3883 1127 3952 Afro

532 3997 659 4064 Murice
682 3996 808 4064 tinctae

491 4165 652 4236 Vestiunt
672 4169 785 4253 lanae;
805 4167 887 4234 mihi
909 4191 1015 4256 parva
1035 4189 1116 4234 rura
1136 4173 1172 4233 at

491 4277 652 4368 Spiritum
674 4279 798 4348 Graiae
820 4287 953 4347 tenuem
975 4277 1139 4346 Camenae

490 4389 596 4460 Parca
617 4416 684 4459 non
706 4391 848 4459 mandax
871 4389 966 4458 dedit
988 4397 1024 4457 et
1044 4388 1225 4476 malignum

534 4501 698 4592 Spernare
718 4503 846 4590 volgus.
