3566 5460
751 461 868 522 LIBER
888 463 910 522 Ι.

420 643 508 728 Quid
528 646 622 736 prius
643 647 752 714 dicem
773 647 882 716 solitis
905 648 1055 736 percutis

419 758 599 840 Laudibus,
622 759 754 848 quires
776 759 1005 828 hominumao
1029 758 1172 841 deorum,
1220 747 1222 751 ⁸

420 868 484 953 Qui
508 893 600 938 mare
622 877 658 939 et
682 876 793 938 terras
814 871 981 962 variisque
1004 873 1160 940 mundum

461 983 641 1073 Temperat
663 983 779 1052 horis?

418 1189 514 1257 Vnde
538 1189 586 1256 nil
607 1191 714 1258 meins
735 1196 919 1278 generetur
940 1190 1022 1280 ipso,

417 1301 489 1370 Nec
508 1302 604 1390 viget
624 1301 800 1392 quicquam
821 1303 928 1371 simile
951 1309 1012 1370 ent
1034 1304 1219 1371 secundum

418 1413 590 1482 Proximos
611 1414 662 1481 illi
684 1419 796 1482 temen
818 1415 993 1503 occupabit

459 1525 574 1596 Pelles
595 1526 745 1608 honores,

416 1733 559 1802 Proeliis
581 1733 706 1820 eudex;
729 1757 835 1824 neque
857 1740 893 1802 tc
916 1735 1029 1816 silebo,

417 1845 528 1928 Liber,
550 1851 586 1914 et
607 1847 718 1923 saevis
739 1846 874 1915 inimice
893 1846 989 1933 virgo

416 1957 540 2040 Baloie,
562 1979 623 2026 nec
643 1965 687 2040 te,
710 1959 886 2028 metuende
907 1965 1000 2027 certe

459 2068 592 2138 Phoebe
614 2071 750 2158 sagitte

416 2278 536 2345 Dicam
558 2283 594 2345 et
614 2275 758 2346 Alciden
779 2299 965 2368 puerosque
988 2277 1111 2360 Ledae,

416 2391 514 2458 Hunc
536 2390 638 2479 equis,
660 2391 755 2458 illum
776 2411 935 2479 superare
957 2391 1078 2478 pugnis

415 2501 586 2586 Nobilem
608 2526 745 2591 quorum
766 2502 865 2570 simul
887 2503 963 2570 albe
985 2502 1096 2569 nentis

458 2613 567 2682 Stelle
588 2614 729 2696 refulsit

416 2820 545 2888 Defluit
565 2821 655 2889 sexis
680 2821 830 2908 agitatus
851 2820 975 2902 humor,

417 2931 604 3001 concidunt
625 2933 720 3000 venti
740 2933 938 3023 fugiuntque
961 2933 1071 3014 nubes,

417 3045 464 3112 Et
484 3045 606 3130 minen,
628 3045 722 3114 †cum
742 3045 790 3114 sic
815 3043 959 3126 voluere,
980 3050 1083 3135 ponto

458 3156 559 3227 Vnde
579 3157 749 3226 recumbit

416 3364 593 3433 Romulum
613 3371 691 3454 post
710 3363 771 3433 hos
793 3365 885 3454 prius
907 3389 950 3432 an
972 3365 1121 3456 quietum

417 3477 559 3566 Pompili
580 3499 719 3564 regnum
741 3499 917 3545 memorem
942 3501 984 3546 en
1007 3478 1166 3565 superbos

418 3588 578 3678 Tarquini
598 3589 706 3657 fasces
730 3588 845 3656 dubito
867 3612 911 3657 en
932 3587 1070 3657 Gelonis

457 3700 578 3768 Nobile
601 3701 714 3769 letum.

417 3905 594 3996 [Regulum
613 3913 649 3975 et
669 3907 810 3977 Scauros
832 3908 1026 3998 animaeque
1048 3930 1190 3995 magnae

417 4019 598 4108 Prodigum
618 4019 759 4088 Paulum
782 4025 962 4110 superante
984 4020 1096 4088 Poeno

419 4131 544 4201 Gratus
563 4131 687 4219 insigni
709 4133 851 4201 referem
874 4156 1010 4201 camena

459 4244 719 4334 Febricinmque.

416 4449 513 4518 Hunc
535 4456 571 4518 et
591 4450 767 4539 incomptis
790 4449 926 4518 Curium
947 4451 1077 4539 capillis

416 4561 542 4630 Vtilem
564 4563 651 4630 bello
672 4563 753 4630 tulit
775 4569 811 4631 ct
833 4561 1007 4632 Camillum

416 4671 526 4742 Saeva
546 4679 729 4763 paupertas
751 4683 787 4742 et
809 4675 922 4744 avitus
946 4681 1021 4743 erto

459 4784 541 4853 (lum
562 4786 634 4854 lere
654 4784 795 4874 fundus]
