3566 5460
770 463 889 526 LIBER
910 465 945 524 Π.

778 750 920 827 XVIII.

443 903 518 972 Non
538 906 621 972 ebur
643 927 747 994 neque
771 927 906 972 aureum

485 1015 563 1082 Mea
586 1015 720 1083 renidet
742 1016 777 1082 in
797 1017 892 1083 domo
914 1017 1060 1098 lacunar,

444 1125 519 1195 Non
542 1128 657 1197 trebes
679 1127 876 1217 Hymettiae

485 1239 644 1306 Premunt
668 1239 835 1307 columnae
855 1240 974 1308 ultima
997 1242 1120 1308 recisas

443 1411 567 1492 Africa,
590 1433 697 1502 neque
718 1410 832 1479 Attali

486 1524 627 1611 ignotus
649 1523 748 1590 heres
769 1524 897 1611 regiam
920 1525 1086 1613 occupavi,

443 1635 515 1703 Neo
540 1635 723 1702 Laconicas
746 1635 827 1702 mihi

486 1745 639 1814 'lrahunt
663 1745 824 1814 honestae
852 1769 1018 1835 purpuras
1048 1747 1200 1814 clientae.

443 1918 494 1985 At
515 1918 599 1986 fides
621 1925 656 1984 et
678 1919 792 2005 ingeni

486 2029 638 2117 Benigno
666 2035 798 2110 verast,
828 2051 1072 2119 pauperemque
1096 2029 1189 2097 dives

443 2141 498 2208 Me
520 2143 623 2230 petit:
649 2141 733 2208 nihil
754 2151 856 2229 su'pra

486 2253 577 2320 Deos
599 2253 727 2320 lacesso
749 2275 810 2320 neo
830 2258 1001 2341 potentem
1024 2254 1163 2321 amicum

443 2423 607 2512 Largiora
627 2425 752 2511 flagito,

486 2534 578 2604 Satis
599 2537 720 2604 beatus
742 2537 865 2603 lunicis
887 2535 1026 2602 Sabinis.

443 2647 605 2716 Truditur
628 2648 700 2715 dies
722 2647 784 2727 die,

486 2759 668 2850 Novaeque
690 2766 836 2848 pergunt
857 2759 995 2826 interire
1015 2759 1123 2825 lunae.

444 2931 495 2999 uu
516 2931 661 3002 secanda
682 2953 845 2998 marmora

487 3043 595 3111 Locos
618 3043 678 3111 sub
701 3042 809 3132 ipsum
831 3043 930 3109 funus
954 3049 989 3109 et
1010 3041 1154 3131 sepulcri

445 3154 609 3224 Inmemor
630 3155 734 3222 struis
756 3153 876 3234 domos,

487 3266 655 3357 Marisque
677 3266 758 3333 Bais
788 3265 1012 3354 obstrepentis
1041 3287 1164 3352 urgues

446 3437 646 3506 Submovere
668 3439 778 3520 litora,

487 3550 609 3618 Parum
630 3549 778 3638 locuples
800 3548 990 3616 continente
1012 3548 1095 3636 ripa.

446 3659 534 3742 Quid
556 3661 644 3751 quod
665 3683 769 3750 usque
791 3660 959 3748 proximos

487 3771 637 3840 Revellis
659 3771 734 3860 agri
755 3773 914 3838 terminos
935 3779 971 3838 et
992 3773 1083 3838 ultra

446 3941 587 4012 Limites
609 3943 779 4012 clientium

488 4053 575 4124 Salis
597 4057 744 4124 armus?
788 4054 931 4122 Pellitur
952 4061 1111 4143 paternos

445 4161 485 4234 In
506 4167 581 4235 sinu
604 4167 715 4234 ferens
737 4167 817 4235 deos

487 4277 535 4345 Et
556 4301 640 4346 uxor
661 4287 697 4346 et
718 4279 770 4346 vir
793 4278 1011 4368 sordidosque
1032 4283 1138 4344 notos.

446 4441 548 4518 Nulla
570 4447 693 4518 certior
713 4455 825 4518 tamen

488 4559 634 4652 Rapacis
662 4563 731 4630 orci
758 4562 823 4628 line
853 4557 1022 4628 destinata

444 4671 536 4741 Aula
557 4673 698 4742 divitem
719 4677 832 4741 menet

488 4783 600 4854 Erum.
647 4784 737 4868 Quid
762 4784 854 4854 ultra
882 4781 1019 4852 tendis?
1061 4782 1180 4872 Aequa
1208 4777 1311 4850 tellus
