3566 5460
989 769 1092 846 xvi.

627 923 793 991 Inclusam
814 924 955 991 Danaen
977 923 1081 990 turris
1104 923 1231 991 ahenea

628 1035 864 1125 Robustaeque
886 1035 975 1102 fores
998 1041 1033 1100 et
1054 1035 1194 1122 vigilum
1217 1057 1334 1103 canum

671 1147 801 1214 Tristes
824 1147 982 1214 excubiae
1005 1147 1194 1213 munierant
1216 1147 1300 1214 satis

713 1257 895 1326 Nocturnis
918 1260 959 1326 ab
982 1259 1153 1341 adulteris,

628 1429 665 1496 Si
686 1453 751 1496 non
772 1429 942 1497 Acrisium
963 1430 1105 1517 virginis
1127 1430 1261 1498 abditae

629 1540 809 1609 Custodem
831 1540 989 1629 pavidum
1012 1542 1167 1630 Iuppiter
1186 1551 1222 1609 et
1243 1541 1357 1610 Venus

671 1653 831 1720 Risisset:
854 1653 925 1720 fore
947 1653 1034 1719 enim
1058 1658 1168 1720 tutum
1189 1654 1257 1721 iter
1278 1661 1314 1721 et
1335 1662 1454 1742 patens

715 1764 883 1832 Conversa
906 1765 941 1830 in
963 1765 1108 1853 pretium
1131 1765 1201 1833 deo.

627 1936 758 2004 Aurum
779 1959 840 2025 per
861 1937 987 2004 medios
1009 1937 1059 2003 ire
1081 1937 1248 2005 satellites

627 2048 674 2114 Et
694 2070 908 2137 perrumpere
932 2055 1022 2116 amat
1044 2071 1133 2130 saxa,
1159 2049 1330 2138 potentius

670 2159 747 2227 Ictu
767 2160 941 2227 fulmineo:
965 2159 1109 2226 concidit
1132 2161 1269 2247 auguris

713 2271 837 2357 Argivi
859 2271 974 2338 domus
997 2273 1037 2338 ob
1060 2272 1187 2339 lucrum

626 2443 790 2510 Demersa
812 2443 933 2528 exitio;
957 2442 1081 2509 diffidit
1102 2443 1233 2510 urbium

628 2553 748 2622 Portas
769 2555 823 2622 vir
843 2554 980 2622 Macedo
1005 2561 1040 2621 et
1064 2554 1195 2622 subruit
1221 2555 1367 2622 aemulos

670 2665 783 2752 Reges
806 2667 1013 2750 muneribus;
1036 2689 1173 2734 munera
1195 2667 1329 2734 navium

714 2777 839 2845 Saevos
862 2778 1057 2868 inlaqueant
1082 2778 1189 2846 duces.

628 2948 840 3016 Crescentem
861 2949 1012 3038 sequitur
1034 2972 1114 3017 cura
1135 2950 1307 3038 pecuniam

626 3060 855 3150 Maioremque
877 3061 990 3128 fames.
1033 3060 1112 3128 Iure
1134 3061 1309 3148 perhorrui

670 3170 757 3240 Late
780 3174 990 3260 conspicuum
1013 3173 1132 3240 tollere
1155 3173 1324 3254 verticem,

711 3283 895 3365 Maecenas,
917 3284 1066 3375 equitum
1088 3284 1197 3352 decus.

627 3454 759 3538 Quanto
782 3455 920 3546 quisque
944 3456 1009 3522 sibi
1031 3456 1130 3544 plura
1150 3456 1334 3542 negaverit,

626 3567 680 3633 Ab
704 3567 756 3634 dis
778 3567 874 3655 plura
896 3567 1000 3633 feret:
1023 3567 1070 3632 nil
1094 3566 1297 3656 cupientium

668 3678 786 3746 Nudus
811 3685 922 3745 castra
943 3685 1022 3765 peto
1045 3684 1081 3744 et
1103 3679 1279 3765 transfuga
1297 3679 1439 3747 divitum

711 3789 832 3857 Partes
853 3790 1004 3879 linquere
1026 3790 1144 3877 gestie,

627 3959 845 4050 Contemptus
868 3961 1018 4028 dominus
1041 3961 1247 4049 splendidior
1268 3962 1327 4042 rei,

627 4072 733 4154 Quam
755 4073 792 4152 si,
817 4072 976 4163 quidquid
1000 4079 1077 4139 arat
1099 4072 1231 4160 inpiger
1252 4072 1393 4160 Apulus,

669 4181 845 4252 Occultare
868 4183 950 4251 meis
973 4183 1102 4252 dicerer
1123 4183 1260 4266 horreis,

711 4295 852 4382 Magnas
874 4295 964 4363 inter
985 4317 1064 4383 opes
1086 4295 1189 4383 inops.

627 4463 733 4534 Puree
755 4465 848 4533 rivus
871 4487 977 4556 aquae
1000 4467 1150 4555 silvaque
1174 4464 1326 4552 iugerum

624 4575 808 4645 Paucorum
832 4584 868 4645 et
889 4579 1015 4663 segetis
1037 4585 1129 4645 certa
1151 4577 1234 4646 fides
1256 4601 1349 4645 meae

667 4689 866 4775 Fulgentem
888 4689 1026 4777 imperio
1048 4689 1171 4757 fertilis
1192 4689 1331 4757 Africae

711 4799 813 4867 Fallit
838 4808 927 4867 sorta
951 4801 1088 4868 beatior.
