3562 5456
582 939 680 1010 vius
700 939 810 1009 innleo
832 965 883 1010 mo
906 943 1030 1026 similis,
1054 943 1165 1027 Chloe,

583 1052 764 1138 Quaerenti
783 1056 939 1143 pavidam
960 1057 1125 1125 montibus
1147 1057 1231 1124 aviis

606 1167 768 1236 ⁸Me‘orom
788 1191 853 1234 non
876 1169 947 1236 sine
969 1192 1055 1237 vano

668 1277 835 1347 Auroram
858 1287 894 1348 eb
916 1281 1022 1350 siluae
1044 1287 1144 1350 metu

584 1470 670 1539 Num
692 1491 751 1538 seu
772 1470 946 1539 mobilibus
968 1471 1080 1562 vepris
1101 1469 1267 1539 inhorruit

584 1582 641 1650 Ad
661 1588 798 1650 ventum
817 1583 915 1666 foliis,
938 1606 997 1652 seu
1017 1585 1142 1654 vi1ides
1163 1584 1281 1651 rubum

627 1695 805 1763 Dimovere
826 1695 980 1778 laoerbue,

670 1807 717 1875 Et
739 1806 837 1876 eorde
860 1815 896 1876 eb
916 1810 1056 1896 genibus
1078 1809 1200 1877 tremit„

584 1997 690 2087 Aqu
710 2020 775 2063 non
798 2018 860 2084 ego
881 2005 917 2068 be
938 1999 1037 2087 tigris
1060 2005 1098 2068 ut
1120 2019 1238 2088 aspera

586 2108 790 2176 Gaetulusve
812 2109 865 2177 leo
886 2111 1040 2200 frangere
1058 2133 1251 2201 persequor:

628 2221 775 2288 Tandem
795 2220 908 2289 desine
930 2231 1068 2292 mairem

670 2333 884 2422 Tempestive
904 2337 997 2427 sequi
1018 2337 1099 2406 viro.

915 2733 1080 2811 XXIIH.

587 2883 670 2968 Quis
692 2883 856 2952 desiderio
878 2886 925 2954 sit
946 2887 1052 2976 pudor
1074 2893 1135 2956 aut
1155 2885 1271 2954 modus

587 2997 668 3064 Tam
690 2997 758 3064 ouri
780 2998 925 3086 eapitis?
964 2999 1124 3090 Praeoipe
1145 2999 1303 3086 lugubres

588 3109 726 3192 Cantus,
747 3109 967 3199 Melpomene,
989 3113 1040 3180 oui
1063 3112 1221 3204 liquidam
1242 3116 1339 3200 peter

630 3222 753 3290 Vocem
776 3246 848 3290 oum
870 3223 1000 3292 oithnre
1022 3225 1123 3293 dedit.

587 3411 679 3497 Ergo
701 3409 898 3493 Quinbilium
917 3419 1099 3502 perpetuus
1120 3436 1219 3503 sopor

588 3522 742 3609 Vrgnet?
787 3521 850 3590 Cui
871 3523 984 3592 Pudor
1008 3533 1043 3594 et
1064 3525 1203 3594 Iustitia
1225 3531 1260 3593 ob
1286 3547 1386 3604 soror,

588 3634 786 3723 Incorrupbo
807 3634 916 3718 Fides,
937 3638 1090 3728 nudaque
1112 3638 1250 3706 Veritus

631 3745 769 3830 Quando
792 3748 896 3815 ullum
917 3749 1065 3818 inveniet
1085 3751 1223 3839 penem?

589 3934 705 4003 Multis
724 3935 782 4003 ille
804 3937 899 4004 bonis
921 3939 1042 4006 flebilis
1065 3938 1193 4021 oceidit,

590 4045 684 4114 Nulli
704 4047 847 4116 flebilior
868 4073 964 4139 quam
986 4050 1057 4133 tibi,
1080 4051 1219 4138 Vergili.

589 4157 641 4225 Τιι
659 4159 786 4226 frustra
806 4161 881 4248 pius
902 4161 968 4230 beu
987 4187 1053 4230 non
1073 4163 1124 4231 ibe
1146 4163 1307 4231 creditum

631 4268 745 4338 Poenis
767 4269 966 4354 Quintilium
987 4275 1076 4343 deos.

590 4456 680 4541 Quid
702 4459 730 4526 si
751 4459 903 4530 'l'hreioio
925 4463 1080 4532 blandius
1102 4463 1234 4553 Orpheo

589 4569 750 4638 Auditum
772 4573 943 4642 moderere
966 4576 1137 4644 arboribus
1158 4577 1280 4644 fidem?

591 4681 676 4749 Num
701 4705 805 4750 veneo
828 4686 947 4754 redeat
969 4689 1104 4776 sanguis
1126 4689 1271 4777 imagini,

633 4792 742 4877 Quem
763 4796 860 4884 virge
883 4801 984 4867 semel
1005 4801 1148 4883 horrido,
