3526 5468
902 469 1058 533 EPODON

524 653 646 723 Cetera
664 656 761 723 mitte
782 656 888 746 loqui:
910 657 992 726 deus
1012 658 1095 726 haec
1115 657 1257 726 fortasse
1279 657 1424 742 benigna

566 767 719 835 Reducet
738 767 773 833 in
796 768 907 836 sedem
929 769 1011 836 vice.
1054 768 1151 836 Nunc
1172 775 1208 836 et
1230 767 1453 836 Achaemenio

523 879 684 946 Perfundi
706 879 810 946 nardo
832 880 929 948 iuvat
951 887 986 948 et
1007 880 1071 948 fide
1095 879 1258 970 Cyllenea

566 991 697 1058 Levare
719 991 801 1060 diris
822 998 959 1080 pectora
979 991 1265 1075 sollicitudinibus,

523 1103 652 1172 Nobilis
673 1107 713 1171 ut
734 1103 854 1172 cecinit
875 1104 997 1191 grandi
1016 1102 1203 1172 Centaurus
1224 1104 1371 1174 alumno:

564 1213 717 1298 ‘Invicta
739 1215 890 1284 mortalis
911 1216 975 1283 dea
995 1222 1074 1284 nate
1095 1238 1179 1305 puer
1200 1216 1350 1298 Thetide,

522 1328 569 1396 Te
592 1334 704 1396 manet
724 1327 885 1396 Assaraci
907 1328 1017 1409 tellus,
1040 1352 1135 1418 quam
1156 1328 1281 1416 frigida
1300 1329 1415 1418 lparvi

564 1440 713 1507 Findunt
734 1438 928 1508 Scamandri
950 1439 1093 1523 flumina,
1114 1440 1260 1508 lubricus
1283 1447 1318 1508 et
1339 1439 1466 1522 Simois,

521 1551 618 1619 Vnde
641 1552 704 1619 tibi
726 1551 870 1619 reditum
892 1557 986 1620 curto
1009 1552 1193 1621 subtemine
1215 1551 1340 1621 Parcae

563 1663 699 1752 Rupere
722 1686 784 1732 nec
805 1671 911 1732 mater
933 1664 1063 1732 domum
1086 1665 1218 1733 caerula
1237 1672 1274 1732 te
1296 1665 1443 1732 revehet.

523 1775 599 1844 Illic
619 1799 713 1843 omne
735 1776 857 1844 malum
879 1776 957 1843 vino
980 1783 1144 1868 cantuque
1166 1778 1288 1859 levato,

564 1887 732 1956 Deformis
754 1887 979 1976 aegrimoniae
1000 1888 1150 1958 dulcibus
1170 1884 1355 1980 adloquiis?

891 2167 1095 2178 u———n

931 2373 1057 2449 XIIII.

523 2525 635 2592 Mollis
656 2525 780 2592 inertie
799 2549 858 2593 cur
879 2531 1009 2593 tantam
1031 2527 1204 2595 diffuderit
1225 2529 1300 2594 imis

567 2636 774 2705 Oblivionem
796 2639 955 2720 sensibus,

522 2749 647 2818 Pocula
668 2749 835 2818 Lethaeos
856 2756 896 2818 ut
917 2751 945 2818 si
968 2748 1124 2819 ducentia
1146 2777 1275 2820 somnos

565 2861 695 2931 Arente
716 2863 812 2932 fauce
834 2863 1002 2944 traxenm

524 2974 672 3042 Candide
693 2974 878 3057 Maecenas,
901 2976 1024 3044 occidis
1046 2999 1144 3065 saepe
1166 2977 1328 3064 rogando:

565 3087 666 3169 Deus,
689 3087 771 3154 deus
796 3111 871 3155 nam
892 3110 945 3156 me
966 3093 1063 3157 vetat

522 3199 686 3288 Inceptos,
708 3199 786 3266 olirn
806 3201 1002 3288 promissum
1025 3223 1165 3284 carmen,
1187 3200 1312 3268 iambos

564 3310 621 3379 Ad
640 3312 829 3379 umbilicum
851 3313 1023 3382 adducere.

521 3423 597 3491 Non
620 3423 722 3491 aliter
743 3422 852 3493 Samio
875 3424 990 3494 dicunt
1011 3426 1134 3494 arsisse
1155 3424 1316 3513 Bathyllo

564 3534 780 3604 Anacreonta
800 3537 924 3619 Teium,

523 3647 589 3731 Qui
609 3669 771 3737 persaepe
793 3670 878 3717 cava
898 3648 1070 3716 testudine
1091 3649 1187 3716 flevit
1209 3669 1352 3715 amorem

563 3759 640 3827 Non
662 3759 867 3828 elaboratum
889 3760 932 3828 ad
951 3759 1078 3848 pedem.

521 3872 639 3940 Vneris
660 3871 731 3961 ipse
751 3871 864 3940 miser:
887 3872 1005 3963 quodsi
1025 3896 1091 3941 non
1112 3872 1281 3961 pulchrior
1304 3870 1392 3959 ignis

564 3983 730 4052 Accendit
752 3984 918 4053 obsessam
939 3984 1034 4067 Ilion,

523 4095 641 4165 Gaude
664 4101 754 4164 sorte
776 4101 849 4182 tua,
870 4119 922 4164 me
943 4097 1108 4178 libertina,
1130 4118 1191 4164 nec
1212 4119 1276 4163 uno

565 4206 741 4292 Contenta,
763 4207 898 4300 Phryne
920 4214 1072 4277 macerat

889 4539 1092 4549 ——-·--—·
