3526 5468
800 461 924 526 amaa

818 751 909 826 ΠΠ.

473 903 578 992 Lupis
600 911 636 970 et
658 904 755 990 agnis
778 910 902 992 quanta
922 905 1043 971 sortito
1063 905 1194 992 obtigit,

516 1015 639 1083 Tecum
660 1015 741 1082 mihi
763 1015 973 1098 discordiast,

473 1126 641 1195 Hibericis
661 1133 798 1216 peruste
820 1127 954 1194 funibus
977 1127 1066 1194 latus

515 1239 563 1306 Et
585 1261 682 1307 crura
703 1237 787 1306 dura
807 1237 972 1328 compede.

473 1351 572 1420 Licet
593 1352 753 1440 superbus
776 1351 925 1418 ambules
947 1351 1096 1440 pecunie,

516 1461 667 1531 Fortuna
688 1486 754 1530 non
776 1469 885 1530 mutat
905 1486 1020 1551 genus.

473 1573 630 1657 Videsne,
651 1573 790 1642 Sacram
811 1575 972 1642 metiente
994 1581 1030 1642 te
1052 1575 1141 1642 viam

517 1685 600 1754 Cum
620 1686 673 1754 bis
692 1687 795 1754 trium
814 1687 970 1754 ulnarum
990 1693 1080 1774 toga,

474 1797 523 1866 Vt
544 1820 604 1866 ora
625 1803 742 1866 vertat
759 1799 823 1866 huc
846 1805 881 1865 et
902 1799 966 1867 huc
986 1799 1134 1866 euntium

517 1909 704 1978 Liberrima
725 1909 937 1996 indignatio?

474 2017 607 2090 ‘Sectus
629 2021 773 2109 flagellis
795 2021 850 2089 hic
870 2021 1135 2089 triumviralibus

517 2133 694 2202 Praeconis
716 2133 760 2201 ad
781 2133 955 2201 fastidium

475 2245 564 2313 Aret
582 2244 719 2314 Falerni
740 2245 830 2312 mille
853 2243 949 2312 fundi
970 2244 1088 2331 iugera

516 2357 565 2424 Et
586 2355 734 2447 Appiam
756 2356 886 2425 mannis
906 2357 990 2424 terit

475 2467 705 2559 Sedilibusque
727 2492 868 2556 magnus
889 2469 924 2535 in
947 2468 1064 2558 primis
1087 2489 1188 2558 eques

518 2579 650 2650 Othone
672 2587 861 2671 contempto
884 2579 987 2648 sedet.

476 2691 564 2774 Quid
586 2693 712 2761 attinet
734 2699 788 2760 tot
809 2714 886 2760 aere
909 2692 1043 2761 navium
1065 2691 1161 2779 gravi

518 2804 683 2873 Rostrata
705 2805 782 2872 duci
802 2802 952 2894 pondera

476 2913 602 2984 Contra
623 2917 770 2985 latrones
790 2922 890 3006 atque
913 2914 1069 2983 servilem
1089 2937 1223 2981 manum

518 3027 600 3112 Hoc,
620 3028 683 3097 hoc
705 3029 841 3096 tribuno
862 3022 1043 3096 militum?’

844 3399 887 3476 V.

476 3549 542 3620 ‘At
563 3575 583 3620 o
606 3551 742 3621 deorum
764 3551 926 3644 quidquid
947 3551 982 3619 in
1003 3551 1094 3621 caclo
1116 3551 1207 3640 regit

519 3663 641 3732 Terras
664 3670 699 3732 et
720 3665 898 3732 humanum
919 3685 1032 3752 genus,

478 3775 566 3857 Quid
587 3777 653 3843 iste
675 3777 744 3844 fert
764 3776 928 3844 tumultus
949 3782 985 3844 et
1010 3775 1090 3866 quid
1112 3777 1256 3844 omnium

519 3887 641 3956 Voltus
664 3888 699 3954 in
720 3912 822 3955 unum
842 3911 893 3955 me
915 3889 1051 3956 truces?

477 3997 542 4067 Per
562 3999 685 4067 liberos
706 4005 752 4081 tc,
771 3999 801 4067 si
821 4005 943 4067 vocata
964 3999 1126 4089 partubus

519 4107 648 4180 Lucina
669 4110 758 4179 veris
781 4111 897 4192 adfuit,

477 4222 542 4290 Per
561 4223 625 4292 hoc
646 4223 762 4291 tinane
783 4243 950 4312 purpurae
973 4221 1073 4290 decus
1093 4245 1218 4312 precor,

518 4333 585 4404 Par
607 4335 858 4424 inprobaturum
879 4335 963 4403 haec
984 4335 1106 4417 Iovem,

478 4443 567 4527 Quid
588 4455 628 4515 ut
648 4468 793 4516 noverca
813 4469 866 4514 me
888 4447 1030 4514 intueris
1053 4453 1113 4514 aut
1134 4447 1185 4514 uti

521 4557 636 4627 Petita
659 4560 748 4627 ferro
770 4553 903 4627 belua?’

476 4663 526 4736 Vt
547 4669 631 4738 baec
653 4669 812 4738 trementi
834 4677 973 4762 questus
994 4693 1051 4738 ore
1073 4669 1225 4738 constitit

519 4779 713 4870 Insignibus
734 4783 842 4872 raptis
863 4803 955 4873 puer,
