3566 5460
775 425 892 490 LIBER
913 425 963 488 m.

479 609 607 698 Regius
630 611 766 698 sanguis
789 611 1006 702 dominaeque
1027 611 1119 680 tradi

479 723 648 790 Barbarae
671 719 811 812 paelex?
858 723 991 792 Aderat
1013 725 1167 814 querenti

479 835 645 902 Perfidum
667 835 781 902 ridens
804 835 918 904 Venus
942 843 977 902 et
998 837 1137 904 remisso

522 947 628 1014 Filius
651 970 739 1014 arcu.

479 1135 558 1202 Mox
579 1135 636 1202 ubi
658 1137 741 1205 lusit
763 1137 853 1218 satis,
878 1133 1071 1204 ‘abstineto'

480 1247 578 1314 Dixit
602 1245 741 1316 ‘irarum
765 1247 957 1338 calidaeque
980 1249 1084 1330 rixae,

481 1357 562 1426 Cum
584 1359 649 1428 tibi
670 1360 797 1428 invisus
819 1361 998 1428 laceranda
1019 1361 1139 1429 reddet

524 1471 655 1540 Cornua
676 1477 801 1540 taurus.

481 1659 573 1728 onr
594 1661 713 1730 invicti
732 1660 824 1729 Iovis
847 1683 919 1729 esse
941 1661 1058 1728 nescis.

480 1773 580 1840 Mitte
604 1772 781 1860 singultus,
801 1775 886 1840 bene
908 1773 997 1840 ferre
1021 1796 1176 1860 magnam

481 1883 581 1952 Disce
605 1885 787 1964 fortunam
810 1891 871 1952 tua
892 1891 1004 1952 sectus
1026 1885 1115 1952 orbis

524 1995 668 2064 Nomina
690 1991 807 2064 ducet'

768 2230 974 2240 ———-.

787 2391 968 2468 XXVIII.

480 2543 583 2613 Festo
606 2545 686 2636 quid
708 2546 820 2636 potius
844 2544 898 2613 die

525 2657 675 2747 Neptuni
695 2657 842 2725 faciam?
885 2657 1003 2724 Prome
1025 2656 1240 2740 recondimm

482 2769 589 2858 Lyde,
609 2776 745 2836 strenua
768 2767 954 2836 Caecubum

525 2881 742 2971 Manitaeque
765 2881 886 2949 adhibe
908 2881 976 2948 vim
999 2881 1194 2970 sapientiae.

482 3069 649 3138 Inclinare
670 3069 842 3138 meridIem

526 3180 640 3250 Sentis
662 3205 709 3264 ac,
728 3182 835 3250 veluti
855 3187 925 3248 stet
946 3183 1091 3250 volucris
1113 3182 1193 3264 dies,

483 3291 600 3362 Parcis
623 3293 775 3384 deripere
798 3293 916 3361 horreo

527 3404 720 3474 Cessantem
742 3404 857 3472 Bibuli
879 3405 1023 3472 consulis
1045 3405 1246 3494 amphoram.

483 3593 554 3662 Nos
576 3594 783 3662 cantabimus
804 3593 946 3661 invicem

526 3705 722 3796 Neptunum
744 3713 780 3774 et
800 3705 925 3774 virides
948 3704 1129 3773 Nereidum
1153 3727 1276 3790 comas;

484 3817 568 3886 Tum
590 3841 692 3886 curva
713 3819 841 3886 recines
860 3818 939 3906 lyra

527 3929 691 3998 Latonam
713 3937 749 3996 et
769 3929 886 3996 celeris
909 3929 1037 4016 spicula
1058 3927 1236 4017 Cynthiae.

487 4117 617 4188 Summo
641 4119 793 4200 carmine,
816 4138 900 4207 quae
924 4115 1052 4184 Cnidon

528 4229 776 4320 Fulgentesque
798 4235 894 4297 tenet
917 4227 1083 4316 Cycladas
1104 4234 1140 4295 et
1160 4227 1296 4317 Paphon

486 4341 614 4410 Iunctis
635 4342 717 4410 visit
738 4341 884 4408 oloribus

528 4453 687 4540 Dicetur;
711 4451 832 4520 merita
854 4450 930 4518 Nox
951 4473 1079 4541 quoque
1103 4451 1208 4517 nenia.

773 4675 978 4688 -n——n———n-
