<?xml version="1.0" encoding="UTF-8"?>
<!DOCTYPE html PUBLIC "-//W3C//DTD XHTML 1.0 Transitional//EN"
    "http://www.w3.org/TR/xhtml1/DTD/xhtml1-transitional.dtd">
<html xmlns="http://www.w3.org/1999/xhtml" xml:lang="en" lang="en">
 <head>
  <title>
</title>
<meta http-equiv="Content-Type" content="text/html;charset=utf-8" />
  <meta name='ocr-system' content='tesseract 3.04.00' />
  <meta name='ocr-capabilities' content='ocr_page ocr_carea ocr_par ocr_line ocrx_word'/>
</head>
<body>
  <div class='ocr_page' id='page_1' title='image "./odenundepoden01mlgoog_0112.png"; bbox 0 0 3526 5468; ppageno 0'>
   <div class='ocr_carea' id='block_1_1' title="bbox 904 449 1109 512">
    <p class='ocr_par' dir='ltr' id='par_1_1' title="bbox 904 449 1109 512">
     <span class='ocr_line' id='line_1_1' title="bbox 904 449 1109 512; baseline 0.01 -1"><span class='ocrx_word' id='word_1_1' title='bbox 904 449 1109 512; x_wconf 71' lang='lat' dir='ltr'><strong>cambum</strong></span> 
     </span>
    </p>
   </div>
   <div class='ocr_carea' id='block_1_2' title="bbox 615 633 1306 1058">
    <p class='ocr_par' dir='ltr' id='par_1_2' title="bbox 615 633 1306 1058">
     <span class='ocr_line' id='line_1_2' title="bbox 617 633 1212 724; baseline 0.003 -23"><span class='ocrx_word' id='word_1_2' title='bbox 617 633 665 702; x_wconf 91' lang='grc' dir='ltr'><strong>ΤΘ</strong></span> <span class='ocrx_word' id='word_1_3' title='bbox 686 633 807 724; x_wconf 87' lang='lat' dir='ltr'><strong>eopias,</strong></span> <span class='ocrx_word' id='word_1_4' title='bbox 828 639 864 702; x_wconf 88' lang='lat' dir='ltr'><strong>te</strong></span> <span class='ocrx_word' id='word_1_5' title='bbox 885 633 1057 703; x_wconf 88' lang='lat' dir='ltr'><strong>eonsilium</strong></span> <span class='ocrx_word' id='word_1_6' title='bbox 1079 639 1115 702; x_wconf 91' lang='lat' dir='ltr'><strong>et</strong></span> <span class='ocrx_word' id='word_1_7' title='bbox 1136 639 1212 704; x_wconf 89' lang='lat' dir='ltr'><strong>tuos</strong></span> 
     </span>
     <span class='ocr_line' id='line_1_3' title="bbox 615 744 1306 835; baseline -0.001 -22"><span class='ocrx_word' id='word_1_8' title='bbox 615 744 802 813; x_wconf 89' lang='lat' dir='ltr'><strong>Praebente</strong></span> <span class='ocrx_word' id='word_1_9' title='bbox 826 745 928 814; x_wconf 83' lang='lat' dir='ltr'><strong>divos.</strong></span> <span class='ocrx_word' id='word_1_10' title='bbox 971 744 1058 813; x_wconf 87' lang='lat' dir='ltr'><strong>Nam</strong></span> <span class='ocrx_word' id='word_1_11' title='bbox 1080 746 1144 813; x_wconf 86' lang='lat' dir='ltr'><strong>tibi</strong></span> <span class='ocrx_word' id='word_1_12' title='bbox 1166 744 1306 835; x_wconf 92' lang='lat' dir='ltr'><strong>quodie</strong></span> 
     </span>
     <span class='ocr_line' id='line_1_4' title="bbox 658 857 1180 946; baseline 0.004 -23"><span class='ocrx_word' id='word_1_13' title='bbox 658 857 781 926; x_wconf 86' lang='lat' dir='ltr'><strong>Portus</strong></span> <span class='ocrx_word' id='word_1_14' title='bbox 803 857 1019 926; x_wconf 82' lang='lat' dir='ltr'><strong>Alexandrea</strong></span> <span class='ocrx_word' id='word_1_15' title='bbox 1039 858 1180 946; x_wconf 79' lang='lat' dir='ltr'><strong>supplex</strong></span> 
     </span>
     <span class='ocr_line' id='line_1_5' title="bbox 700 969 1236 1058; baseline 0 -22"><span class='ocrx_word' id='word_1_16' title='bbox 700 969 748 1036; x_wconf 87' lang='lat' dir='ltr'><strong>Et</strong></span> <span class='ocrx_word' id='word_1_17' title='bbox 769 993 909 1038; x_wconf 82' lang='lat' dir='ltr'><strong>vacuam</strong></span> <span class='ocrx_word' id='word_1_18' title='bbox 931 969 1096 1058; x_wconf 75' lang='lat' dir='ltr'><strong>patefecit</strong></span> <span class='ocrx_word' id='word_1_19' title='bbox 1117 969 1236 1052; x_wconf 89' lang='lat' dir='ltr'><strong>aulam,</strong></span> 
     </span>
    </p>
   </div>
   <div class='ocr_carea' id='block_1_3' title="bbox 614 1122 1273 1549">
    <p class='ocr_par' dir='ltr' id='par_1_3' title="bbox 615 1122 1198 1213">
     <span class='ocr_line' id='line_1_6' title="bbox 615 1122 1198 1213; baseline 0.005 -24"><span class='ocrx_word' id='word_1_20' title='bbox 615 1122 766 1192; x_wconf 76' lang='lat' dir='ltr'><strong>Fortuna</strong></span> <span class='ocrx_word' id='word_1_21' title='bbox 784 1124 892 1192; x_wconf 89' lang='lat' dir='ltr'><strong>lustro</strong></span> <span class='ocrx_word' id='word_1_22' title='bbox 914 1146 1074 1213; x_wconf 87' lang='lat' dir='ltr'><strong>prospera</strong></span> <span class='ocrx_word' id='word_1_23' title='bbox 1095 1125 1198 1192; x_wconf 84' lang='lat' dir='ltr'><strong>tertio</strong></span> 
     </span>
    </p>

    <p class='ocr_par' dir='ltr' id='par_1_4' title="bbox 614 1234 1273 1437">
     <span class='ocr_line' id='line_1_7' title="bbox 614 1234 1190 1304; baseline 0.009 -5"><span class='ocrx_word' id='word_1_24' title='bbox 614 1234 704 1304; x_wconf 91' lang='lat' dir='ltr'><strong>Belli</strong></span> <span class='ocrx_word' id='word_1_25' title='bbox 725 1235 888 1304; x_wconf 81' lang='lat' dir='ltr'><strong>secundos</strong></span> <span class='ocrx_word' id='word_1_26' title='bbox 910 1235 1059 1303; x_wconf 82' lang='lat' dir='ltr'><strong>reddidit</strong></span> <span class='ocrx_word' id='word_1_27' title='bbox 1078 1236 1190 1304; x_wconf 83' lang='lat' dir='ltr'><strong>exitus</strong></span> 
     </span>
     <span class='ocr_line' id='line_1_8' title="bbox 657 1346 1273 1437; baseline 0.003 -23"><span class='ocrx_word' id='word_1_28' title='bbox 657 1346 871 1437; x_wconf 86' lang='lat' dir='ltr'><strong>Laudemque</strong></span> <span class='ocrx_word' id='word_1_29' title='bbox 893 1353 929 1415; x_wconf 89' lang='lat' dir='ltr'><strong>et</strong></span> <span class='ocrx_word' id='word_1_30' title='bbox 953 1354 1105 1436; x_wconf 87' lang='lat' dir='ltr'><strong>optatum</strong></span> <span class='ocrx_word' id='word_1_31' title='bbox 1126 1348 1273 1435; x_wconf 86' lang='lat' dir='ltr'><strong>pereatis</strong></span> 
     </span>
    </p>

    <p class='ocr_par' dir='ltr' id='par_1_5' title="bbox 700 1458 1188 1549">
     <span class='ocr_line' id='line_1_9' title="bbox 700 1458 1188 1549; baseline 0.002 -23"><span class='ocrx_word' id='word_1_32' title='bbox 700 1459 855 1549; x_wconf 88' lang='lat' dir='ltr'><strong>Imperiis</strong></span> <span class='ocrx_word' id='word_1_33' title='bbox 878 1459 978 1527; x_wconf 83' lang='lat' dir='ltr'><strong>decus</strong></span> <span class='ocrx_word' id='word_1_34' title='bbox 1000 1458 1188 1546; x_wconf 87' lang='lat' dir='ltr'><strong>adrogavit</strong></span> 
     </span>
    </p>
   </div>
   <div class='ocr_carea' id='block_1_4' title="bbox 615 1611 1398 2040">
    <p class='ocr_par' dir='ltr' id='par_1_6' title="bbox 615 1611 1398 2040">
     <span class='ocr_line' id='line_1_10' title="bbox 616 1611 1242 1683; baseline 0.003 -3"><span class='ocrx_word' id='word_1_35' title='bbox 616 1613 663 1680; x_wconf 99' lang='grc' dir='ltr'><strong>ΤΘ</strong></span> <span class='ocrx_word' id='word_1_36' title='bbox 687 1611 855 1682; x_wconf 75' lang='lat' dir='ltr'><strong>Cantaber</strong></span> <span class='ocrx_word' id='word_1_37' title='bbox 876 1637 943 1682; x_wconf 92' lang='lat' dir='ltr'><strong>non</strong></span> <span class='ocrx_word' id='word_1_38' title='bbox 965 1620 1045 1682; x_wconf 89' lang='lat' dir='ltr'><strong>ante</strong></span> <span class='ocrx_word' id='word_1_39' title='bbox 1067 1613 1242 1683; x_wconf 89' lang='lat' dir='ltr'><strong>domabilis</strong></span> 
     </span>
     <span class='ocr_line' id='line_1_11' title="bbox 615 1724 1398 1816; baseline 0.004 -25"><span class='ocrx_word' id='word_1_40' title='bbox 615 1725 799 1816; x_wconf 84' lang='lat' dir='ltr'><strong>Medusque</strong></span> <span class='ocrx_word' id='word_1_41' title='bbox 822 1732 857 1792; x_wconf 91' lang='lat' dir='ltr'><strong>et</strong></span> <span class='ocrx_word' id='word_1_42' title='bbox 879 1725 992 1808; x_wconf 90' lang='lat' dir='ltr'><strong>Indus,</strong></span> <span class='ocrx_word' id='word_1_43' title='bbox 1013 1731 1049 1792; x_wconf 88' lang='lat' dir='ltr'><strong>te</strong></span> <span class='ocrx_word' id='word_1_44' title='bbox 1071 1725 1232 1815; x_wconf 86' lang='lat' dir='ltr'><strong>profugus</strong></span> <span class='ocrx_word' id='word_1_45' title='bbox 1254 1724 1398 1815; x_wconf 85' lang='lat' dir='ltr'><strong>Scythes</strong></span> 
     </span>
     <span class='ocr_line' id='line_1_12' title="bbox 658 1837 1166 1926; baseline 0.002 -22"><span class='ocrx_word' id='word_1_46' title='bbox 658 1837 813 1919; x_wconf 86' lang='lat' dir='ltr'><strong>Miratur,</strong></span> <span class='ocrx_word' id='word_1_47' title='bbox 835 1861 853 1905; x_wconf 97' lang='lat' dir='ltr'><strong>o</strong></span> <span class='ocrx_word' id='word_1_48' title='bbox 875 1839 986 1905; x_wconf 88' lang='lat' dir='ltr'><strong>tutela</strong></span> <span class='ocrx_word' id='word_1_49' title='bbox 1005 1859 1166 1926; x_wconf 89' lang='lat' dir='ltr'><strong>praesens</strong></span> 
     </span>
     <span class='ocr_line' id='line_1_13' title="bbox 700 1949 1218 2040; baseline 0 -24"><span class='ocrx_word' id='word_1_50' title='bbox 700 1949 822 2017; x_wconf 81' lang='lat' dir='ltr'><strong>Italiae</strong></span> <span class='ocrx_word' id='word_1_51' title='bbox 845 1949 1061 2040; x_wconf 82' lang='lat' dir='ltr'><strong>dominaeque</strong></span> <span class='ocrx_word' id='word_1_52' title='bbox 1083 1949 1218 2017; x_wconf 84' lang='lat' dir='ltr'><strong>Romae.</strong></span> 
     </span>
    </p>
   </div>
   <div class='ocr_carea' id='block_1_5' title="bbox 615 2103 1343 2528">
    <p class='ocr_par' dir='ltr' id='par_1_7' title="bbox 615 2103 1343 2528">
     <span class='ocr_line' id='line_1_14' title="bbox 616 2103 1203 2193; baseline 0.002 -23"><span class='ocrx_word' id='word_1_53' title='bbox 616 2103 673 2185; x_wconf 88' lang='grc' dir='ltr'><strong>ΤΘ,</strong></span> <span class='ocrx_word' id='word_1_54' title='bbox 695 2103 838 2172; x_wconf 82' lang='lat' dir='ltr'><strong>fontium</strong></span> <span class='ocrx_word' id='word_1_55' title='bbox 860 2104 917 2193; x_wconf 92' lang='lat' dir='ltr'><strong>qui</strong></span> <span class='ocrx_word' id='word_1_56' title='bbox 939 2104 1027 2172; x_wconf 88' lang='lat' dir='ltr'><strong>eelat</strong></span> <span class='ocrx_word' id='word_1_57' title='bbox 1048 2104 1203 2190; x_wconf 82' lang='lat' dir='ltr'><strong>origines,</strong></span> 
     </span>
     <span class='ocr_line' id='line_1_15' title="bbox 615 2213 1343 2306; baseline 0.001 -24"><span class='ocrx_word' id='word_1_58' title='bbox 615 2213 778 2306; x_wconf 82' lang='lat' dir='ltr'><strong>Nilusque</strong></span> <span class='ocrx_word' id='word_1_59' title='bbox 799 2222 836 2283; x_wconf 90' lang='lat' dir='ltr'><strong>et</strong></span> <span class='ocrx_word' id='word_1_60' title='bbox 857 2214 982 2298; x_wconf 85' lang='lat' dir='ltr'><strong>Hister,</strong></span> <span class='ocrx_word' id='word_1_61' title='bbox 1004 2221 1040 2282; x_wconf 89' lang='lat' dir='ltr'><strong>te</strong></span> <span class='ocrx_word' id='word_1_62' title='bbox 1062 2215 1201 2305; x_wconf 88' lang='lat' dir='ltr'><strong>rapidus</strong></span> <span class='ocrx_word' id='word_1_63' title='bbox 1222 2214 1343 2302; x_wconf 69' lang='lat' dir='ltr'><strong>dignis,</strong></span> 
     </span>
     <span class='ocr_line' id='line_1_16' title="bbox 658 2326 1123 2418; baseline 0.002 -25"><span class='ocrx_word' id='word_1_64' title='bbox 658 2326 706 2394; x_wconf 95' lang='grc' dir='ltr'><strong>ΤΘ</strong></span> <span class='ocrx_word' id='word_1_65' title='bbox 727 2327 884 2396; x_wconf 85' lang='lat' dir='ltr'><strong>beluosus</strong></span> <span class='ocrx_word' id='word_1_66' title='bbox 906 2328 963 2418; x_wconf 93' lang='lat' dir='ltr'><strong>qui</strong></span> <span class='ocrx_word' id='word_1_67' title='bbox 984 2327 1123 2395; x_wconf 87' lang='lat' dir='ltr'><strong>remotis</strong></span> 
     </span>
     <span class='ocr_line' id='line_1_17' title="bbox 702 2437 1253 2528; baseline 0.005 -23"><span class='ocrx_word' id='word_1_68' title='bbox 702 2437 878 2528; x_wconf 85' lang='lat' dir='ltr'><strong>Obstrepit</strong></span> <span class='ocrx_word' id='word_1_69' title='bbox 899 2437 1049 2507; x_wconf 76' lang='lat' dir='ltr'><strong>Oceanus</strong></span> <span class='ocrx_word' id='word_1_70' title='bbox 1071 2438 1253 2520; x_wconf 86' lang='lat' dir='ltr'><strong>Britannis,</strong></span> 
     </span>
    </p>
   </div>
   <div class='ocr_carea' id='block_1_6' title="bbox 615 2592 1250 3016">
    <p class='ocr_par' dir='ltr' id='par_1_8' title="bbox 615 2592 1250 3016">
     <span class='ocr_line' id='line_1_18' title="bbox 616 2592 1224 2683; baseline 0.003 -24"><span class='ocrx_word' id='word_1_71' title='bbox 616 2592 663 2659; x_wconf 86' lang='grc' dir='ltr'><strong>ΤΘ</strong></span> <span class='ocrx_word' id='word_1_72' title='bbox 685 2617 752 2661; x_wconf 91' lang='lat' dir='ltr'><strong>uon</strong></span> <span class='ocrx_word' id='word_1_73' title='bbox 773 2592 929 2683; x_wconf 85' lang='lat' dir='ltr'><strong>paventis</strong></span> <span class='ocrx_word' id='word_1_74' title='bbox 951 2594 1069 2662; x_wconf 83' lang='lat' dir='ltr'><strong>funera</strong></span> <span class='ocrx_word' id='word_1_75' title='bbox 1091 2593 1224 2663; x_wconf 81' lang='lat' dir='ltr'><strong>Galliae</strong></span> 
     </span>
     <span class='ocr_line' id='line_1_19' title="bbox 615 2704 1227 2794; baseline 0.007 -24"><span class='ocrx_word' id='word_1_76' title='bbox 615 2705 796 2794; x_wconf 87' lang='lat' dir='ltr'><strong>Duraeque</strong></span> <span class='ocrx_word' id='word_1_77' title='bbox 816 2705 919 2774; x_wconf 88' lang='lat' dir='ltr'><strong>tellus</strong></span> <span class='ocrx_word' id='word_1_78' title='bbox 941 2704 1037 2773; x_wconf 89' lang='lat' dir='ltr'><strong>audit</strong></span> <span class='ocrx_word' id='word_1_79' title='bbox 1058 2705 1227 2788; x_wconf 84' lang='lat' dir='ltr'><strong>Hiberiae,</strong></span> 
     </span>
     <span class='ocr_line' id='line_1_20' title="bbox 657 2815 1239 2907; baseline 0.003 -25"><span class='ocrx_word' id='word_1_80' title='bbox 657 2815 705 2883; x_wconf 92' lang='grc' dir='ltr'><strong>ΤΘ</strong></span> <span class='ocrx_word' id='word_1_81' title='bbox 729 2816 831 2884; x_wconf 84' lang='lat' dir='ltr'><strong>caede</strong></span> <span class='ocrx_word' id='word_1_82' title='bbox 853 2816 1039 2904; x_wconf 85' lang='lat' dir='ltr'><strong>gaudentes</strong></span> <span class='ocrx_word' id='word_1_83' title='bbox 1061 2815 1239 2907; x_wconf 87' lang='lat' dir='ltr'><strong>Sygambri</strong></span> 
     </span>
     <span class='ocr_line' id='line_1_21' title="bbox 702 2925 1250 3016; baseline 0.002 -22"><span class='ocrx_word' id='word_1_84' title='bbox 702 2925 891 3016; x_wconf 72' lang='lat' dir='ltr'><strong>conpositis</strong></span> <span class='ocrx_word' id='word_1_85' title='bbox 914 2935 1120 2997; x_wconf 87' lang='lat' dir='ltr'><strong>venerantur</strong></span> <span class='ocrx_word' id='word_1_86' title='bbox 1140 2929 1250 2996; x_wconf 88' lang='lat' dir='ltr'><strong>ermis.</strong></span> 
     </span>
    </p>
   </div>
   <div class='ocr_carea' id='block_1_7' title="bbox 868 3287 1054 3369">
    <p class='ocr_par' dir='ltr' id='par_1_9' title="bbox 868 3287 1054 3369">
     <span class='ocr_line' id='line_1_22' title="bbox 868 3287 1054 3369; baseline 0.016 -3"><span class='ocrx_word' id='word_1_87' title='bbox 868 3359 871 3366; x_wconf 80' lang='grc'>,</span> <span class='ocrx_word' id='word_1_88' title='bbox 970 3287 1054 3369; x_wconf 89' lang='lat' dir='ltr'><strong>XV.</strong></span> 
     </span>
    </p>
   </div>
   <div class='ocr_carea' id='block_1_8' title="bbox 614 3439 1332 3862">
    <p class='ocr_par' dir='ltr' id='par_1_10' title="bbox 614 3439 1332 3862">
     <span class='ocr_line' id='line_1_23' title="bbox 614 3439 1301 3536; baseline 0.009 -28"><span class='ocrx_word' id='word_1_89' title='bbox 614 3439 768 3509; x_wconf 91' lang='lat' dir='ltr'><strong>Phoebus</strong></span> <span class='ocrx_word' id='word_1_90' title='bbox 788 3441 957 3511; x_wconf 87' lang='lat' dir='ltr'><strong>volentem</strong></span> <span class='ocrx_word' id='word_1_91' title='bbox 977 3444 1107 3532; x_wconf 89' lang='lat' dir='ltr'><strong>proelia</strong></span> <span class='ocrx_word' id='word_1_92' title='bbox 1127 3466 1179 3513; x_wconf 92' lang='lat' dir='ltr'><strong>me</strong></span> <span class='ocrx_word' id='word_1_93' title='bbox 1202 3444 1301 3536; x_wconf 89' lang='lat' dir='ltr'><strong>loqui,</strong></span> 
     </span>
     <span class='ocr_line' id='line_1_24' title="bbox 615 3551 1207 3644; baseline 0.005 -24"><span class='ocrx_word' id='word_1_94' title='bbox 615 3551 733 3621; x_wconf 84' lang='lat' dir='ltr'><strong>Vietas</strong></span> <span class='ocrx_word' id='word_1_95' title='bbox 756 3559 792 3622; x_wconf 88' lang='lat' dir='ltr'><strong>et</strong></span> <span class='ocrx_word' id='word_1_96' title='bbox 813 3555 912 3623; x_wconf 88' lang='lat' dir='ltr'><strong>urbes</strong></span> <span class='ocrx_word' id='word_1_97' title='bbox 932 3555 1100 3644; x_wconf 77' lang='lat' dir='ltr'><strong>increpuit</strong></span> <span class='ocrx_word' id='word_1_98' title='bbox 1121 3557 1207 3644; x_wconf 86' lang='lat' dir='ltr'><strong>lyra,</strong></span> 
     </span>
     <span class='ocr_line' id='line_1_25' title="bbox 657 3663 1298 3758; baseline 0.006 -26"><span class='ocrx_word' id='word_1_99' title='bbox 657 3663 710 3732; x_wconf 89' lang='lat' dir='ltr'><strong>Ne</strong></span> <span class='ocrx_word' id='word_1_100' title='bbox 731 3687 839 3755; x_wconf 88' lang='lat' dir='ltr'><strong>parva</strong></span> <span class='ocrx_word' id='word_1_101' title='bbox 860 3665 1072 3755; x_wconf 76' lang='lat' dir='ltr'><strong>Tyrrhenum</strong></span> <span class='ocrx_word' id='word_1_102' title='bbox 1092 3690 1154 3756; x_wconf 90' lang='lat' dir='ltr'><strong>per</strong></span> <span class='ocrx_word' id='word_1_103' title='bbox 1173 3687 1298 3758; x_wconf 90' lang='lat' dir='ltr'><strong>aequor</strong></span> 
     </span>
     <span class='ocr_line' id='line_1_26' title="bbox 700 3775 1332 3862; baseline 0.009 -19"><span class='ocrx_word' id='word_1_104' title='bbox 700 3775 786 3844; x_wconf 90' lang='lat' dir='ltr'><strong>Vela</strong></span> <span class='ocrx_word' id='word_1_105' title='bbox 808 3776 931 3845; x_wconf 84' lang='lat' dir='ltr'><strong>darem.</strong></span> <span class='ocrx_word' id='word_1_106' title='bbox 975 3777 1055 3860; x_wconf 78' lang='lat' dir='ltr'><strong>Tuo,</strong></span> <span class='ocrx_word' id='word_1_107' title='bbox 1080 3777 1214 3862; x_wconf 85' lang='lat' dir='ltr'><strong>Caesar,</strong></span> <span class='ocrx_word' id='word_1_108' title='bbox 1236 3787 1332 3849; x_wconf 86' lang='lat' dir='ltr'><strong>aetas</strong></span> 
     </span>
    </p>
   </div>
   <div class='ocr_carea' id='block_1_9' title="bbox 613 3925 1220 4338">
    <p class='ocr_par' dir='ltr' id='par_1_11' title="bbox 613 3925 1212 4246">
     <span class='ocr_line' id='line_1_27' title="bbox 614 3925 1212 4018; baseline 0.01 -22"><span class='ocrx_word' id='word_1_109' title='bbox 614 3925 744 4017; x_wconf 84' lang='lat' dir='ltr'><strong>Fruges</strong></span> <span class='ocrx_word' id='word_1_110' title='bbox 766 3936 802 3998; x_wconf 91' lang='lat' dir='ltr'><strong>et</strong></span> <span class='ocrx_word' id='word_1_111' title='bbox 823 3931 916 4018; x_wconf 80' lang='lat' dir='ltr'><strong>agnis</strong></span> <span class='ocrx_word' id='word_1_112' title='bbox 936 3925 1073 4001; x_wconf 83' lang='lat' dir='ltr'><strong>rettulit</strong></span> <span class='ocrx_word' id='word_1_113' title='bbox 1093 3935 1212 4002; x_wconf 90' lang='lat' dir='ltr'><strong>uberes</strong></span> 
     </span>
     <span class='ocr_line' id='line_1_28' title="bbox 613 4041 1187 4129; baseline 0.009 -21"><span class='ocrx_word' id='word_1_114' title='bbox 613 4041 662 4108; x_wconf 90' lang='lat' dir='ltr'><strong>Et</strong></span> <span class='ocrx_word' id='word_1_115' title='bbox 682 4041 780 4129; x_wconf 89' lang='lat' dir='ltr'><strong>signa</strong></span> <span class='ocrx_word' id='word_1_116' title='bbox 799 4049 914 4111; x_wconf 90' lang='lat' dir='ltr'><strong>nostro</strong></span> <span class='ocrx_word' id='word_1_117' title='bbox 937 4045 1091 4112; x_wconf 85' lang='lat' dir='ltr'><strong>restituit</strong></span> <span class='ocrx_word' id='word_1_118' title='bbox 1112 4045 1187 4114; x_wconf 89' lang='lat' dir='ltr'><strong>Iovi</strong></span> 
     </span>
     <span class='ocr_line' id='line_1_29' title="bbox 656 4154 1200 4246; baseline 0.007 -25"><span class='ocrx_word' id='word_1_119' title='bbox 656 4154 809 4244; x_wconf 90' lang='lat' dir='ltr'><strong>Derepta</strong></span> <span class='ocrx_word' id='word_1_120' title='bbox 828 4154 1028 4223; x_wconf 85' lang='lat' dir='ltr'><strong>Parthorum</strong></span> <span class='ocrx_word' id='word_1_121' title='bbox 1049 4157 1200 4246; x_wconf 88' lang='lat' dir='ltr'><strong>superbis</strong></span> 
     </span>
    </p>

    <p class='ocr_par' dir='ltr' id='par_1_12' title="bbox 699 4265 1220 4338">
     <span class='ocr_line' id='line_1_30' title="bbox 699 4265 1220 4338; baseline 0.012 -6"><span class='ocrx_word' id='word_1_122' title='bbox 699 4265 858 4336; x_wconf 86' lang='lat' dir='ltr'><strong>Postibus</strong></span> <span class='ocrx_word' id='word_1_123' title='bbox 881 4274 916 4335; x_wconf 90' lang='lat' dir='ltr'><strong>et</strong></span> <span class='ocrx_word' id='word_1_124' title='bbox 935 4290 1077 4336; x_wconf 80' lang='lat' dir='ltr'><strong>vacuum</strong></span> <span class='ocrx_word' id='word_1_125' title='bbox 1099 4269 1220 4338; x_wconf 88' lang='lat' dir='ltr'><strong>duellis</strong></span> 
     </span>
    </p>
   </div>
   <div class='ocr_carea' id='block_1_10' title="bbox 614 4425 1263 4851">
    <p class='ocr_par' dir='ltr' id='par_1_13' title="bbox 614 4425 1263 4851">
     <span class='ocr_line' id='line_1_31' title="bbox 614 4425 1263 4513; baseline 0.005 -16"><span class='ocrx_word' id='word_1_126' title='bbox 614 4425 734 4498; x_wconf 89' lang='lat' dir='ltr'><strong>Ianum</strong></span> <span class='ocrx_word' id='word_1_127' title='bbox 756 4429 890 4513; x_wconf 77' lang='lat' dir='ltr'><strong>Quirini</strong></span> <span class='ocrx_word' id='word_1_128' title='bbox 912 4431 1035 4501; x_wconf 85' lang='lat' dir='ltr'><strong>elausit</strong></span> <span class='ocrx_word' id='word_1_129' title='bbox 1057 4438 1093 4500; x_wconf 87' lang='lat' dir='ltr'><strong>et</strong></span> <span class='ocrx_word' id='word_1_130' title='bbox 1114 4433 1263 4502; x_wconf 88' lang='lat' dir='ltr'><strong>ordinem</strong></span> 
     </span>
     <span class='ocr_line' id='line_1_32' title="bbox 615 4541 1234 4630; baseline 0.01 -22"><span class='ocrx_word' id='word_1_131' title='bbox 615 4541 759 4610; x_wconf 81' lang='lat' dir='ltr'><strong>Rectum</strong></span> <span class='ocrx_word' id='word_1_132' title='bbox 780 4544 941 4630; x_wconf 88' lang='lat' dir='ltr'><strong>evaganti</strong></span> <span class='ocrx_word' id='word_1_133' title='bbox 961 4544 1058 4612; x_wconf 85' lang='lat' dir='ltr'><strong>frena</strong></span> <span class='ocrx_word' id='word_1_134' title='bbox 1078 4545 1234 4614; x_wconf 77' lang='lat' dir='ltr'><strong>licentiae</strong></span> 
     </span>
     <span class='ocr_line' id='line_1_33' title="bbox 657 4654 1128 4748; baseline 0.006 -27"><span class='ocrx_word' id='word_1_135' title='bbox 657 4654 780 4723; x_wconf 88' lang='lat' dir='ltr'><strong>Inieoit</strong></span> <span class='ocrx_word' id='word_1_136' title='bbox 802 4655 990 4748; x_wconf 90' lang='lat' dir='ltr'><strong>emovitque</strong></span> <span class='ocrx_word' id='word_1_137' title='bbox 1012 4657 1128 4746; x_wconf 81' lang='lat' dir='ltr'><strong>culpas</strong></span> 
     </span>
     <span class='ocr_line' id='line_1_34' title="bbox 700 4765 1220 4851; baseline 0.012 -19"><span class='ocrx_word' id='word_1_138' title='bbox 700 4765 748 4833; x_wconf 84' lang='lat' dir='ltr'><strong>Et</strong></span> <span class='ocrx_word' id='word_1_139' title='bbox 770 4773 904 4837; x_wconf 85' lang='lat' dir='ltr'><strong>veteres</strong></span> <span class='ocrx_word' id='word_1_140' title='bbox 925 4768 1099 4839; x_wconf 73' lang='lat' dir='ltr'><strong>revocavit</strong></span> <span class='ocrx_word' id='word_1_141' title='bbox 1120 4774 1220 4851; x_wconf 84' lang='lat' dir='ltr'><strong>artes,</strong></span> 
     </span>
    </p>
   </div>
   <div class='ocr_carea' id='block_1_11' title="bbox 0 0 1768 5468">
    <p class='ocr_par' dir='ltr' id='par_1_14' title="bbox 0 0 1768 5468">
     <span class='ocr_line' id='line_1_35' title="bbox 0 0 1768 5468; baseline 0 0"><span class='ocrx_word' id='word_1_142' title='bbox 0 0 1768 5468; x_wconf 95' lang='lat' dir='ltr'><strong> </strong></span> 
     </span>
    </p>
   </div>
  </div>
 </body>
</html>
