3566 5460
956 777 1097 856 XVIH.

614 940 738 1024 Fauna,
759 940 991 1030 Nympharum
1012 941 1198 1027 fugientum
1220 950 1357 1024 amator,

612 1052 679 1120 Per
701 1075 791 1120 meos
814 1053 897 1120 fines
920 1058 956 1120 et
978 1053 1093 1142 aprica
1111 1077 1192 1122 rura

613 1164 717 1233 Lenia
737 1164 872 1233 incedas
894 1165 1061 1255 abeasque
1083 1165 1198 1254 parvis

656 1275 796 1367 Aequus
818 1274 969 1359 alumnis,

615 1463 652 1532 Si
673 1469 771 1531 tener
790 1465 889 1555 pleno
913 1465 1004 1533 cadit
1023 1465 1149 1533 haedus
1171 1488 1265 1548 anno,

613 1575 728 1664 Larga
747 1598 808 1643 nec
828 1575 951 1645 desunt
971 1575 1114 1646 Veneris
1136 1577 1244 1646 sodali

613 1688 703 1756 Vina
726 1693 885 1770 craterae,
907 1694 1006 1758 vetus
1029 1712 1089 1757 ara
1113 1690 1216 1758 multo

657 1799 780 1868 Fumat
802 1799 911 1868 odore.

614 1988 719 2055 Ludit
739 1987 881 2056 herboso
903 2010 1004 2078 pecus
1026 2011 1122 2058 omne
1144 2013 1267 2078 campo,

615 2098 698 2166 Cum
719 2100 784 2167 tibi
801 2098 918 2167 Nonae
941 2100 1084 2168 redeunt
1105 2101 1321 2187 Decembrcs;

615 2210 736 2279 Festus
758 2211 794 2278 in
814 2212 924 2300 pratis
945 2218 1047 2280 vacat
1071 2213 1178 2281 otioso

658 2321 740 2390 Cum
762 2324 847 2391 bove
868 2345 989 2413 pagus;

541 2579 544 2584 .
613 2513 709 2580 Inter
731 2512 875 2581 audaces
895 2514 993 2602 lupus
1015 2519 1108 2582 errat
1130 2537 1241 2600 agnos,

614 2623 754 2713 Spargit
773 2630 908 2692 arentes
929 2625 986 2692 ubi
1009 2625 1095 2693 silva
1115 2625 1266 2710 frondem
1315 2709 1322 2717 ·

615 2735 751 2804 Gaudet
773 2736 916 2804 invisam
936 2737 1104 2826 pepulisse
1126 2738 1234 2806 fossor

657 2847 724 2915 Ter
743 2848 829 2937 pede
851 2853 985 2916 tennann

946 3279 1109 3355 XVIIH.

614 3429 784 3513 Quantum
807 3431 911 3500 distet
934 3432 976 3499 ab
998 3433 1121 3501 Inacho

658 3541 786 3611 Ccdnns
807 3566 867 3632 pro
888 3544 1000 3632 patria
1021 3567 1087 3612 non
1108 3545 1246 3613 timidus
1270 3548 1353 3614 mori

614 3653 740 3722 Narras
760 3660 796 3722 et
816 3676 922 3742 genus
944 3653 1051 3722 Aeaci

655 3765 704 3833 Et
725 3771 875 3855 pugnata
896 3788 990 3835 sacro
1009 3767 1099 3834 bella
1121 3768 1181 3836 snb
1204 3769 1283 3836 Hic:

615 3954 687 4037 Quo
711 3953 830 4022 Chium
850 3955 959 4043 pretio
984 3955 1100 4023 cadum

656 4065 851 4148 Mercemun
873 4067 948 4158 quis
970 4091 1087 4158 aquam
1108 4073 1275 4158 temperet
1295 4071 1438 4157 ignibus,

614 4176 687 4260 Quo
709 4178 890 4267 praebente
913 4178 1044 4247 domum
1067 4185 1103 4246 et
1124 4185 1227 4270 quota

655 4288 827 4376 Paelignis
849 4312 978 4358 caream
999 4291 1188 4378 iugeribus
1211 4297 1311 4361 taces.

613 4478 668 4546 Da
687 4478 785 4545 lunae
807 4501 948 4567 propere
969 4501 1084 4561 novae,

656 4590 710 4656 Da
731 4590 839 4658 noctis
862 4590 999 4672 mediae,
1025 4591 1077 4672 da,
1098 4614 1189 4678 puer,
1212 4595 1349 4680 anginis

613 4701 788 4786 Murenae3
807 4701 917 4769 tribus
938 4707 998 4771 aut
1019 4724 1138 4770 novem

615 4795 632 4822 ⁸
654 4811 838 4881 Miscentur
860 4814 992 4903 cyathis
1013 4815 1132 4904 pocula
1154 4817 1339 4884 commodis.
