3566 5460
536 1388 1105 1503 CARMINVM

645 1618 763 1682 amaa
783 1617 991 1682 SECVNDVS.

673 1806 828 1880 .1.

459 1909 601 2019 Motum
623 1970 665 2016 ex
686 1947 824 2015 Metello
847 1947 980 2017 consule
1002 1946 1141 2016 civicum

460 2063 611 2153 Bellique
634 2085 749 2130 causas
772 2068 808 2130 et
830 2062 916 2129 vitia
937 2068 973 2129 et
994 2062 1107 2128 modos

502 2174 698 2257 Ludumque
719 2172 887 2240 Fortunae
910 2194 1097 2263 gravesque

545 2285 736 2375 Principum
760 2259 922 2353 amicitiae
945 2292 981 2353 et
1000 2307 1093 2353 arma

460 2456 615 2526 Nondum
637 2456 782 2548 expiatis
802 2464 904 2526 uncta
927 2457 1106 2539 cruoribus,

462 2569 672 2638 Periculosae
693 2569 827 2658 plenum
849 2593 930 2658 opus
953 2569 1056 2651 aleae,

504 2681 644 2750 'Praetas
667 2687 702 2748 ct
723 2680 850 2749 incedis
871 2703 932 2771 per
953 2681 1048 2766 ignes

549 2791 744 2885 suppositos
766 2793 870 2861 cineri
892 2793 1013 2861 doloso.

462 2965 602 3036 Paulum
624 2987 760 3034 severae
781 2965 879 3034 Musa
899 2963 1094 3052 tragoediae

463 3077 563 3147 Desit
583 3077 744 3146 theatris:
766 3101 842 3146 mox
864 3077 921 3145 ubi
943 3075 1092 3167 publicas

506 3190 575 3259 Res
598 3171 772 3272 ordinaris,
794 3189 921 3278 grande
943 3212 1060 3257 munus

550 3301 710 3392 Cecropio
731 3309 865 3391 repetes
887 3307 1034 3384 coturno,

463 3474 599 3564 Insigne
620 3474 758 3543 maestis
779 3473 980 3564 praesidium
1001 3473 1069 3542 reis

463 3587 511 3656 Et
533 3585 726 3670 consulenti,
748 3585 851 3669 Polio,
874 3587 993 3670 euriae,

509 3699 570 3768 Cui
592 3701 708 3768 laurus
730 3704 883 3768 aeternos
905 3699 1046 3767 honores

551 3811 740 3880 Delmatico
761 3812 894 3902 peperit
914 3809 1091 3901 triumpho.

465 3982 538 4052 Iam
560 4007 647 4052 nuno
665 3983 787 4052 minaci
807 4005 973 4051 murmure
994 4005 1151 4050 cornuum

465 4095 671 4184 Perstringis
693 4117 799 4177 auras,
820 4095 886 4163 iam
907 4095 985 4162 litui
1006 4099 1170 4184 strepunt

508 4208 582 4278 Iam
607 4207 718 4296 fulgor
741 4231 905 4276 armorum
923 4207 1059 4295 fugaces

552 4321 673 4390 'Perrat
695 4343 795 4410 equos
815 4320 1027 4411 equitumque
1049 4319 1169 4388 voltus

466 4493 595 4562 Audire
615 4515 753 4581 magnos
774 4494 840 4560 iam
861 4492 979 4561 videor
1000 4491 1108 4573 duces,

468 4605 544 4674 Non
564 4605 719 4674 indecoro
740 4604 878 4695 pulvere
899 4603 1058 4686 sordidos,

509 4717 559 4786 Et
578 4725 697 4787 cuncta
719 4725 885 4786 terraram
906 4718 1043 4786 subacta

551 4829 695 4900 Praeter
717 4835 863 4900 atrocem
884 4829 1027 4900 animum
1049 4827 1194 4899 Catonis.
