3566 5460
461 674 526 742 Sed
548 697 599 742 me
623 697 683 763 per
704 675 819 742 hostes
841 673 1026 742 Mercurius
1049 675 1137 742 celer

461 788 572 854 Denso
594 791 774 875 paventem
796 787 935 854 sustulit
957 808 1050 870 eere;

502 897 549 965 Te
572 921 688 964 rursus
710 899 746 963 in
767 898 890 965 bellum
912 899 1086 966 resorbens

544 1010 644 1076 Vnde
665 1010 763 1076 fretis
785 1010 866 1075 tnlit
889 1009 1062 1076 aestuosis.

458 1164 549 1250 Ergo
574 1164 754 1251 obligatam
775 1163 878 1231 redde
900 1163 974 1231 Iovi
995 1164 1113 1252 dapem

459 1275 641 1366 Longaque
663 1278 786 1344 fessum
807 1275 929 1342 militis
950 1276 1041 1343 lotus

501 1387 639 1478 Depone
663 1389 722 1456 sub
744 1388 843 1455 lauru
864 1409 937 1454 mea
957 1409 1018 1454 nec

543 1499 649 1567 Parce
673 1499 765 1566 cedis
786 1499 850 1566 tibi
873 1497 1060 1566 destinetis.

458 1653 627 1722 Oblivioso
650 1654 740 1721 levio
762 1652 903 1720 Massico

458 1764 594 1833 ciborio
615 1766 720 1855 exple,
742 1765 843 1832 funde
866 1763 1043 1852 capacibus

500 1877 682 1964 Vngnento
704 1877 745 1944 de
768 1877 908 1944 conchis.
952 1874 1034 1956 Quis
1057 1874 1122 1942 udo

543 1989 776 2078 Deproperere
796 1987 872 2076 opio
895 2009 1032 2054 coronas

458 2143 606 2212 Curetve
628 2145 763 2232 myrto?
808 2143 913 2224 Quem
934 2141 1049 2208 Venus
1072 2141 1233 2207 arbitmm

457 2256 558 2323 Dicet
579 2255 737 2322 bibendi?
781 2253 857 2320 Non
878 2275 941 2340 ego
964 2252 1078 2320 senius

500 2367 693 2434 Bocchebor
713 2365 856 2433 Edonis:
878 2371 1013 2453 recepto

543 2479 650 2546 Dulce
673 2478 753 2545 mihi
773 2478 920 2544 finerest
938 2475 1052 2542 emico.

745 2693 947 2703 a———no—

456 3001 535 3068 Vlln
556 3003 585 3068 si
606 3002 690 3069 iuris
712 3001 776 3068 tibi
796 2999 957 3089 perieroti

455 3114 575 3194 Poene,
598 3113 748 3192 *Berine
771 3112 940 3179 nocuisset
961 3133 1122 3198 umquam,

456 3226 566 3292 Dente
589 3225 619 3292 ei
640 3224 736 3310 nigro
761 3225 859 3291 fieres
882 3223 934 3289 vel
957 3246 1022 3290 nno

498 3337 640 3425 Turpius
662 3336 773 3423 ungui,

456 3489 641 3558 Crederem
686 3489 752 3556 Sed
774 3495 814 3556 tu
836 3489 933 3556 simul
956 3487 1113 3575 obligasti

454 3602 621 3671 Perfidum
643 3602 732 3669 votis
755 3606 864 3689 ceput,
887 3599 1042 3667 enitescis

454 3712 629 3782 Pulchrior
650 3713 754 3780 multo
776 3713 995 3801 iuvenumque
1018 3711 1131 3799 prodis

498 3825 638 3892 Publice
660 3847 747 3892 cure.

454 3979 602 4069 Expedit
623 3980 742 4046 metris
765 3979 893 4045 cineres
915 3983 1050 4066 opertos

454 4089 587 4159 Fallere
610 4097 646 4157 et
666 4095 739 4156 toto
761 4089 932 4157 taciturne
950 4089 1058 4157 noctis

455 4201 558 4289 Signa
577 4226 649 4269 cum
672 4202 763 4269 coelo
785 4201 961 4290 gelideque
984 4199 1078 4266 divos

496 4315 605 4381 Morte
628 4319 787 4381 carentes.

454 4469 557 4535 Ridet
579 4469 649 4549 hoc,
671 4468 813 4557 inquom,
834 4465 947 4532 Venus
969 4467 1050 4552 ipsa,
1073 4465 1185 4532 rident

454 4579 627 4668 Simplices
648 4579 835 4667 Nymphae,
856 4577 947 4644 ferus
970 4584 1005 4643 et
1028 4575 1165 4664 Cupido,

454 4691 590 4779 Semper
613 4689 770 4757 ardentes
793 4710 915 4756 aeneos
935 4688 1078 4774 sagittas

496 4801 579 4870 Cute
603 4806 747 4870 eruente„
