3526 5468
778 481 896 550 nmen
915 481 980 550 ΠΙῙ.

407 665 545 757 Inpone,
565 667 663 752 Lolli,
685 692 821 762 empore
842 671 964 742 lividus

408 777 609 851 Obliviones.
651 781 717 852 Est
739 783 868 854 enimus
888 784 952 855 tibi

449 891 639 986 Remumque
661 895 808 986 prudens
830 903 865 966 et
886 898 1039 968 secundis

491 1004 709 1097 Temporibus
732 1008 906 1100 dubiisqpe
927 1017 1048 1092 neotus,

404 1195 539 1266 Vindex
560 1220 682 1267 evenes
704 1197 833 1268 fraudis
855 1205 892 1267 et
912 1199 1084 1269 abstinens

405 1308 569 1380 Ducentis
591 1310 634 1378 ed
656 1333 693 1380 se
716 1317 836 1380 cuncte
856 1312 1016 1401 pecuniae

447 1420 635 1514 consulque
655 1446 722 1492 non
742 1424 841 1493 unius
862 1425 949 1506 enni,

488 1533 556 1604 Sed
577 1535 731 1627 quotiens
752 1538 858 1608 bonus
883 1543 985 1629 etque
1008 1537 1094 1606 fidus

402 1722 508 1792 Iudex
530 1724 705 1794 honestum
726 1727 891 1816 praetulit
912 1727 997 1810 utili,

402 1835 535 1905 Reiecit
557 1838 627 1906 ulto
651 1837 738 1908 done
758 1839 949 1908 nocentium

443 1947 556 2028 Voltn,
577 1972 639 2040 per
660 1951 833 2020 obstantes
856 1957 1011 2022 catervas

485 2060 660 2152 Explicuit
681 2087 742 2133 suc
761 2065 871 2134 victor
893 2087 995 2134 armo.

399 2249 475 2318 Non
495 2252 722 2342 possidentem
742 2254 849 2322 mults
869 2254 1043 2324 vocaveris

399 2361 506 2432 Recte
526 2365 677 2449 beetum;
697 2367 823 2436 rectius
845 2373 987 2456 occupet

442 2475 570 2545 Nomen
592 2477 692 2560 beuti,
717 2478 774 2569 qui
796 2478 932 2547 deosum

483 2588 676 2658 Mune1ibus
698 2591 870 2680 supienter
890 2591 942 2659 uti

396 2777 589 2870 Duremque
609 2779 712 2849 cellet
729 2781 923 2871 pauperiem
944 2783 1018 2871 poti

396 2888 562 2982 Peinsque
583 2893 652 2960 leto
675 2893 842 2980 flagitium
863 2893 969 2976 timet

439 3001 515 3072 Non
535 3003 593 3072 ille
614 3027 676 3094 pro
696 3004 784 3074 ceris
809 3005 922 3074 amieis

481 3116 553 3185 Ant
570 3117 684 3208 patrie
703 3117 841 3189 timidus
861 3117 981 3208 perire.

765 3529 813 3608 X.

393 3683 422 3751 Ο
442 3683 586 3754 mudelis
606 3683 714 3754 adhuc
733 3690 770 3753 et
790 3684 933 3755 Veneris
954 3685 1143 3755 muneribus
1162 3691 1290 3777 potens,

392 3797 571 3888 Insperete
590 3803 670 3866 tune
693 3821 766 3866 cum
786 3797 901 3866 veniet
921 3819 1029 3888 poene
1050 3799 1224 3888 superbiae

391 3909 440 3978 Et
459 3931 544 4002 quse
566 3933 654 3978 nunc
673 3909 797 3979 umeris
817 3909 998 3980 involitent
1020 3909 1205 3979 deciderint
1226 3934 1346 3995 comeo,

393 4021 490 4091 Nunc
511 4028 547 4091 et
568 4023 625 4113 qui
647 4023 738 4091 color'
757 4027 810 4092 est
831 4023 990 4112 puniceee
1011 4023 1093 4091 flore
1114 4022 1206 4112 p1ior
1227 4046 1323 4092 rosae

392 4211 551 4296 Mutatus
573 4211 744 4301 Ligurine,
765 4213 800 4280 in
821 4212 940 4282 faciem
960 4212 1104 4281 veiterit
1124 4213 1298 4303 hispidam,

389 4325 492 4394 Dices
514 4320 610 4405 ‘heu'
639 4325 792 4416 quotiens
813 4331 848 4393 te
871 4325 1004 4416 speculo
1027 4325 1152 4393 videris
1173 4325 1324 4409 ultemm,

390 4433 498 4521 ‘Quae
518 4459 613 4506 mens
634 4445 687 4506 est
706 4437 813 4520 hodie,
835 4460 894 4506 our
916 4437 1031 4505 eedem
1052 4461 1117 4505 non
1137 4459 1240 4527 puero
1262 4439 1336 4522 fuit

390 4548 457 4618 Vel
478 4573 537 4619 cur
558 4550 611 4619 his
635 4550 754 4619 animis
775 4548 955 4620 incolumes
977 4574 1042 4618 non
1062 4550 1205 4619 redeunt
1226 4545 1368 4640 genoe?
