3562 5456
787 425 991 488 GARMINVM

480 612 526 678 'Pe
550 609 632 700 Spes
652 618 687 678 et
709 611 784 679 albo
806 634 885 679 rara
906 611 1008 680 Fides
1030 612 1110 680 colit

479 724 604 792 Velata
624 747 742 811 pann0,
763 722 843 790 'sneo
867 724 1018 791 comitem
1039 725 1191 812 abnegat,

522 835 709 925 Vtcumque
732 840 861 902 mutata
883 841 1039 924 potentes

565 947 669 1016 Veste
695 947 807 1016 domos
829 947 963 1015 inimica
983 948 1115 1039 linquis.

479 1103 530 1170 At
551 1103 669 1189 volgus
690 1102 827 1170 infidum
850 1108 884 1171 et
904 1104 1063 1172 meretrix
1084 1111 1176 1172 retro

478 1214 620 1284 Perinra
641 1215 738 1296 cedit,
760 1214 936 1303 defugiunt
957 1215 1049 1284 cadis

523 1326 605 1396 Gurn
625 1328 717 1396 faece
739 1327 874 1396 siccatis
895 1327 992 1396 amici

565 1439 668 1508 Ferre
690 1440 804 1525 iugum
825 1440 953 1528 pariter
974 1439 1087 1509 dolosi.

482 1594 603 1663 Servos
626 1595 749 1664 iturum
772 1594 949 1663 Caesarem
970 1596 1005 1662 in
1030 1595 1164 1663 ultimos

481 1707 580 1776 Orbis
601 1707 780 1776 Britannos
803 1712 838 1775 et
859 1707 1016 1776 iuvenum
1036 1729 1151 1776 recens

521 1819 680 1902 Examen,
702 1820 783 1888 Eois
805 1818 987 1888 timendum

563 1932 720 2000 Partibus
742 1931 939 2021 Oceanoque
960 1933 1068 2000 rubro

478 2086 582 2168 Eheu,
604 2087 792 2156 cicatricum
814 2092 850 2154 et
872 2086 1006 2154 sceleris
1028 2087 1132 2176 pudet

478 2199 706 2288 Fratrnmque.
751 2199 839 2282 Quid
858 2223 918 2267 nos
941 2199 1024 2268 dura
1044 2200 1226 2286 refugimus

523 2308 653 2380 Aetas?
676 2312 756 2402 quid
777 2312 939 2380 intactum
961 2313 1085 2380 nefasti

564 2423 760 2516 Liquimus?
782 2423 869 2491 unde
891 2444 1030 2492 manum
1043 2424 1198 2492 iuventus

478 2579 572 2646 Metu
595 2578 729 2646 deorum
752 2579 939 2647 continuit?
970 2579 1086 2670 quibus

478 2690 635 2779 Peperoit
656 2691 746 2758 aris?
790 2690 817 2756 Ο
840 2691 966 2758 utinam
987 2714 1075 2758 nova

521 2803 646 2870 Incnde
670 2803 825 2890 diffingas
846 2809 996 2871 retusum
1017 2803 1052 2869 in

565 2914 776 3004 Massagetas
798 2913 996 3006 Arabasque
1018 2915 1157 2983 ferrum!

788 3131 992 3143 m

804 3279 981 3355 XXXVI.

479 3435 528 3502 Et
547 3440 623 3502 ture
646 3439 681 3502 et
703 3433 823 3501 fidibus
844 3433 941 3501 iuvat

522 3547 662 3613 Placere
684 3550 720 3612 et
739 3545 838 3612 vituli
860 3544 1021 3632 sanguine
1043 3544 1155 3613 debito

482 3656 646 3725 Custodes
667 3655 831 3725 Numidae
855 3656 941 3736 deos,

524 3769 590 3852 Qui
612 3793 699 3838 nunc
717 3768 883 3858 Hesperia
905 3791 1020 3858 sospes
1043 3770 1084 3836 ab
1106 3768 1225 3837 ultima
1259 3807 1260 3810 π

482 3933 579 4002 Caris
600 3934 706 4002 multe
727 3932 904 4016 sodalibus,

523 4045 619 4114 Nulli
640 4045 737 4135 plura
758 4051 872 4114 tamen
893 4043 1015 4112 dividit
1037 4045 1149 4114 oscula

482 4157 590 4241 Quam
611 4155 700 4225 dulci
721 4155 868 4238 Lamiae,
888 4177 1013 4224 mernor

524 4267 632 4337 Actae
653 4293 719 4337 ncn
741 4268 807 4337 alio
829 4289 909 4354 rege
930 4267 1083 4358 puertiae

482 4434 697 4523 Mutataeqne
715 4433 813 4501 simul
834 4437 944 4517 togae.

527 4545 648 4614 Cressa
670 4569 711 4612 ne
733 4550 848 4612 careat
869 4544 1007 4632 pulchra
1029 4544 1100 4612 dies
1122 4551 1210 4626 nota,

483 4658 558 4733 Neu
579 4662 751 4747 promptae
772 4654 890 4724 modus
911 4656 1089 4745 amphorae

524 4769 600 4842 Neu
621 4792 744 4840 morem
764 4769 798 4840 in
814 4767 941 4840 Selium
956 4769 1003 4838 sit
1023 4768 1153 4860 requies
1174 4766 1303 4858 pedum,
