3566 5460
933 417 1139 486 OARMJNVM

941 707 1141 784 XXVIIII.

585 867 590 877 “
626 864 803 956 Tyrrhena
821 885 939 952 rogum
960 864 1145 953 progenies,
1168 865 1232 932 tibi

626 977 702 1046 Non
722 985 801 1044 ante
823 998 920 1046 verso
941 978 1017 1044 lene
1038 997 1166 1044 marum
1187 977 1269 1044 cado

669 1088 753 1156 Cum
774 1089 864 1170 flore,
886 1087 1070 1170 Maecenas,
1091 1111 1241 1156 rosarum
1263 1095 1298 1154 et

710 1200 834 1268 Pressa
855 1200 925 1268 tuis
943 1199 1084 1267 balanus
1108 1200 1239 1289 capillis

626 1371 812 1440 Iandudum
833 1371 923 1461 apud
944 1377 1046 1440 mest:
1073 1371 1218 1461 eripete
1239 1393 1360 1451 morae,

625 1483 677 1551 Ne
698 1504 828 1573 semper
847 1483 950 1551 udum
971 1484 1075 1551 Tibur
1098 1490 1133 1551 ct
1154 1482 1297 1551 Aefulae

668 1595 808 1664 Declive
832 1596 1083 1684 lcontempleris
1107 1619 1224 1664 arvum
1248 1603 1283 1664 ct

711 1706 872 1793 Telegoni
893 1707 974 1794 iuga
995 1707 1190 1796 parricidae.

623 1877 849 1947 Fastidiosam
871 1878 988 1947 desere
1011 1879 1138 1968 copiam
1160 1885 1196 1948 ot

624 1990 748 2058 Molem
768 1990 988 2080 propinquam
1007 1991 1151 2060 nubibus
1173 1990 1296 2071 arduis,

669 2101 795 2170 Omitte
816 2101 931 2170 mirari
951 2103 1072 2170 beatae

709 2213 850 2282 Pumum
875 2221 912 2282 et
939 2237 1018 2303 opes
1047 2214 1290 2304 strepitumque
1314 2212 1449 2281 Romae.

623 2385 822 2475 Plerumque
845 2393 966 2472 gratae
987 2385 1150 2454 divitibus
1172 2386 1263 2453 vices

623 2496 832 2586 Mundaeque
857 2519 962 2586 parvo
988 2499 1047 2566 sub
1070 2499 1141 2566 lare
1164 2519 1347 2587 pauperum

667 2607 776 2677 Canas
799 2609 871 2677 sine
894 2609 1022 2678 aulaeis
1042 2615 1078 2677 ct
1096 2615 1187 2678 ostro

708 2719 893 2788 Sollicitam
917 2721 1105 2810 explicuere
1127 2721 1280 2788 frontem

622 2891 693 2960 Iam
716 2892 844 2960 mlams
866 2892 1032 2960 occultum
1052 2891 1287 2961 Andromedae
1309 2897 1407 2980 pater

622 3003 780 3073 Ostendit
801 3003 921 3091 ignem,
946 3003 1014 3072 iam
1035 3003 1189 3093 Procyon
1212 3004 1296 3071 furit

664 3115 713 3183 Et
732 3115 833 3184 stella
853 3116 970 3184 vesani
991 3115 1113 3185 Leonis

708 3225 785 3296 Solo
805 3225 878 3296 dies
899 3225 1067 3296 referente
1090 3227 1210 3314 siccos;

621 3399 693 3467 Iam
714 3403 831 3487 pastor
850 3400 985 3467 umbras
1006 3421 1079 3468 oum
1102 3421 1205 3486 grege
1226 3398 1384 3485 languido

621 3509 809 3600 Rivumqne
832 3511 940 3579 fossus
963 3511 1097 3599 quaerit
1119 3516 1154 3578 et
1176 3510 1303 3578 horridi

663 3622 810 3690 Dumeta
828 3619 964 3704 Silvani,
988 3628 1145 3712 caretque

706 3733 796 3822 Ripa
816 3733 913 3820 uagis
936 3734 1105 3801 taciturna
1127 3734 1246 3801 ventis.

622 3903 673 3972 'Pu
694 3904 867 3972 civitatem
889 3905 963 3994 quis
985 3905 1105 3974 deccat
1125 3911 1235 3973 status

622 4013 727 4084 Cmas
750 4022 786 4084 et
806 4014 882 4083 urbi
904 4015 1069 4084 sollicitus
1090 4016 1198 4096 times,

665 4125 753 4209 Quid
772 4126 871 4196 Seres
894 4134 929 4194 et
949 4134 1092 4214 regnata
1110 4126 1200 4217 Cyre

705 4239 831 4306 Bactra
852 4245 972 4327 parent
991 4238 1180 4330 Tanaisque
1202 4237 1337 4307 discors.

621 4405 773 4478 Prudens
793 4409 901 4478 futuri
921 4411 1082 4499 temporis
1104 4409 1232 4478 exitum

621 4521 813 4609 Caliginosa
834 4528 931 4589 nocte
953 4521 1076 4610 premit
1098 4521 1180 4590 deus

662 4633 833 4724 Ridetque
856 4633 886 4702 si
908 4633 1061 4702 mortalis
1085 4632 1177 4700 ultra

706 4743 773 4812 Fas
794 4744 955 4834 trepidat,
1000 4743 1097 4827 Quod
1121 4744 1219 4812 adest
1241 4749 1404 4816 memento
