3566 5460
799 497 916 562 LIBER
936 499 957 560 Ι.

466 683 594 750 Audiet
616 683 706 750 nives
729 683 873 751 *aeumse
896 683 1028 765 ferrum

466 793 538 878 Quo
560 817 681 882 graves
702 793 827 862 Persae
850 794 968 863 melius
990 795 1148 884 perirent,

466 907 593 975 Audiet
612 930 743 997 pugnas
765 907 849 975 vitio
871 913 1047 998 parentum

550 1019 643 1087 Rara
662 1019 828 1088 iuventus.

467 1191 571 1274 Quem
591 1198 689 1260 voeet
712 1190 825 1260 divum
847 1194 988 1282 populus
1009 1195 1137 1260 ruentis

465 1304 588 1393 Imperi
607 1305 731 1372 rebus?
775 1305 877 1372 Preee
901 1327 967 1394 qua
986 1305 1135 1393 fatigent

466 1416 623 1503 Virgines
649 1424 784 1485 sanetae
809 1417 916 1486 minus
937 1417 1126 1486 audientem

551 1528 707 1598 Carmina
727 1529 890 1598 Vestam?

467 1699 529 1768 cni
550 1701 646 1770 dabit
666 1709 781 1791 partes
803 1702 911 1770 scelus
933 1703 1090 1792 expiandi

465 1813 640 1902 Iuppiter?
683 1813 832 1882 Tandem
852 1815 977 1896 venias,
999 1837 1180 1904 precamur,

465 1925 564 1995 Nube
589 1926 770 1995 candentes
789 1950 921 1994 umeros
945 1928 1095 2010 amiotus,

550 2039 670 2126 Augur
688 2038 828 2130 Apollo;

467 2209 546 2278 Sive
568 2217 607 2279 tu
628 2213 742 2294 mavis,
765 2212 914 2302 E1yeina
935 2211 1057 2294 ridena

468 2323 574 2406 Quam
597 2324 694 2392 loeus
716 2325 838 2392 eireum
858 2324 952 2392 volat
974 2331 1009 2392 et
1032 2323 1177 2413 Cupid0;

468 2432 546 2502 Sive
566 2437 756 2524 neglectum
778 2459 883 2524 genus
905 2444 941 2504 et
963 2443 1102 2527 nepotes

552 2548 715 2638 Respicis,
739 2556 864 2632 auctor,

469 2719 545 2788 Heu
567 2721 665 2788 nimis
685 2722 785 2809 longo
808 2723 931 2790 satiate
953 2721 1040 2805 ludo,

470 2833 575 2915 Quem
597 2833 692 2900 iuvat
712 2833 835 2901 elamor
855 2835 1035 2924 gadeaeque
1057 2834 1149 2900 leves

469 2943 558 3013 Aeer
580 2951 617 3012 et
636 2945 741 3013 Marsi
762 2945 886 3037 peditis
909 2953 1082 3014 cruentum

554 3057 677 3126 Voltus
699 3058 734 3126 in
755 3059 892 3128 hostem.

470 3229 549 3299 Sive
571 3236 701 3298 mutata
722 3231 874 3299 iuvenem
895 3232 1004 3317 figura

469 3341 553 3410 Ales
575 3344 611 3410 in
632 3343 734 3410 terris
755 3343 906 3424 imiteria
929 3343 1035 3410 almae

470 3455 577 3524 Filius
597 3454 717 3538 Maiae,
739 3455 871 3544 patiens
892 3455 1005 3524 vocari

557 3568 712 3637 Caesaris
733 3567 838 3636 ultor:

472 3739 573 3808 Serus
594 3741 629 3808 in
652 3740 779 3809 eaelum
799 3739 925 3822 redeas,
950 3739 1071 3830 diuque

473 3853 598 3920 Laetus
619 3853 755 3921 intersis
774 3853 895 3943 populo
917 3851 1058 3934 Quirini,

473 3963 566 4033 Neve
587 3972 623 4032 te
643 3965 768 4033 nostris
790 3965 884 4034 vitiis
906 3965 1053 4056 iniquum

558 4075 657 4145 Ocior
679 4099 762 4144 aura

473 4249 598 4334 'Pollat3
626 4250 680 4318 hie
705 4272 842 4336 magnos
866 4249 978 4337 potius
1005 4249 1202 4337 triumphos,

473 4359 538 4428 Hie
560 4383 649 4428 ames
671 4362 738 4428 diei
757 4369 852 4450 pater
874 4367 973 4452 atque
996 4361 1157 4450 princeps,

471 4473 549 4540 Neu
568 4473 657 4540 sinas
679 4472 795 4541 Medos
818 4474 970 4564 equitare
992 4473 1124 4554 inultos,

557 4585 605 4654 Te
628 4585 720 4668 duee,
743 4584 893 4654 *Caesen

781 4811 985 4822 ——-—
