3566 5460
921 445 1126 508 CARMINVM

959 732 1081 808 XVII.

660 887 727 956 Cur
750 910 801 955 me
825 885 982 976 querellis
1006 887 1176 953 exanimas
1199 886 1292 952 tuis?

659 1000 730 1067 Nec
753 1000 804 1067 dis
829 999 1004 1066 amicumst
1025 1019 1085 1065 neo
1106 998 1187 1064 mihi
1207 1004 1243 1064 te
1264 997 1358 1086 prius

702 1111 812 1191 Obire,
834 1110 1020 1190 Maecenas,
1042 1131 1190 1176 mearum

745 1221 881 1290 Grande
903 1221 1003 1289 decus
1027 1222 1239 1310 columenque
1260 1242 1378 1287 rerum.

659 1377 701 1459 A,
721 1385 757 1444 te
779 1399 873 1444 meae
896 1376 925 1442 si
947 1381 1078 1465 partem
1101 1377 1231 1442 animae
1252 1377 1344 1465 rapit

658 1489 824 1557 Maturior
846 1489 906 1569 vis,
929 1488 1009 1577 quid
1030 1511 1140 1554 moror
1163 1488 1278 1568 altera,

701 1600 772 1668 Nec
795 1623 891 1668 carus
913 1621 1017 1689 aeque
1040 1622 1101 1667 nec
1122 1605 1292 1688 superstes

743 1711 906 1799 Integer?
949 1711 1012 1778 Ille
1036 1711 1108 1778 dias
1129 1717 1304 1801 utramque

657 1868 768 1935 Ducct
788 1867 927 1934 ruinam.
971 1865 1047 1934 Non
1071 1888 1133 1953 ego
1155 1867 1319 1955 perfidum

658 1979 740 2046 Dixi
762 1985 1021 2046 sacramentum:
1043 1978 1171 2058 ibimus,
1192 1979 1320 2059 ibimus,

698 2091 885 2180 Vtcumque
907 2091 1096 2179 praecedes,
1119 2112 1307 2178 supremum

745 2200 891 2292 Carpere
914 2203 980 2269 iter
1003 2203 1140 2269 comites
1163 2203 1285 2291 parati

656 2356 711 2425 Mc
733 2380 794 2424 nec
815 2355 1012 2424 Chimaerae
1032 2357 1170 2447 spiritus
1192 2358 1312 2444 igneae

656 2468 735 2550 Nec,
759 2469 788 2536 si
810 2475 974 2556 resurget,
996 2469 1202 2536 centimanus
1224 2467 1320 2557 Gyas

700 2581 850 2648 Divellct
871 2603 1042 2670 umquem:
1065 2581 1113 2648 sic
1135 2580 1266 2668 potenti

741 2691 900 2760 Iustitiae
925 2692 1151 2782 placitumque
1175 2689 1299 2760 Parcis.

657 2845 725 2913 Son
744 2846 847 2912 Libra
869 2868 929 2914 scu
949 2869 1001 2913 mc
1024 2845 1177 2935 Scorpios
1200 2847 1321 2936 aspicit

656 2957 904 3026 Formidolcsus
924 2980 1003 3046 pars
1024 2957 1203 3026 violentior

700 3068 835 3137 Natalis
857 3068 960 3136 horae
983 3091 1042 3136 scu
1063 3077 1228 3158 tyrannus

742 3181 928 3270 Hesperiae
950 3179 1172 3270 Capricornus
1194 3183 1313 3264 undae,

657 3337 842 3427 Vtrumque
865 3343 1012 3404 nostrum
1036 3336 1224 3404 incredibili
1245 3337 1341 3405 modo

659 3446 836 3516 Consentit
858 3455 992 3516 camum.
1036 3446 1083 3515 Tc
1105 3448 1197 3516 lovis
1218 3449 1309 3538 inpio

701 3557 823 3626 Tutela
845 3557 988 3627 Saturno
1009 3559 1181 3645 refulgens

742 3670 880 3760 Eripuit
899 3671 1109 3760 volucrisque
1131 3670 1209 3738 Fati

658 3823 823 3894 'Pardavit
844 3825 923 3908 alas,
944 3850 1017 3894 oum
1037 3827 1179 3915 populus
1200 3829 1355 3917 frequens

658 3935 802 4006 Laetum
826 3937 972 4004 theatris
994 3943 1048 4004 ter
1072 3938 1203 4027 crepuit
1225 3962 1356 4025 sonnm;

700 4048 756 4116 Mc
777 4055 916 4117 truncus
937 4049 1088 4136 inlapsus
1110 4050 1244 4117 cerebro

744 4157 942 4242 Sustulerat
966 4161 1031 4228 nisi
1052 4159 1185 4228 Faunus
1207 4161 1310 4230 ictum

658 4311 790 4382 Dextra
810 4315 965 4395 levasset,
987 4313 1236 4382 Mercurialium

660 4425 780 4494 Crustos
800 4426 954 4494 virorum.
997 4425 1152 4494 Reddere
1175 4427 1328 4494 victimas

679 4611 683 4618 ,
701 4537 894 4627 Aedemque
918 4538 1066 4605 votivam
1087 4545 1266 4622 memento;

744 4647 815 4716 Nos
837 4649 994 4717 humilem
1013 4649 1170 4717 feriemus
1192 4672 1321 4737 agnam

917 4872 1121 4884 Ἥ
