3526 5468
802 339 926 401 LIBER.

472 521 578 607 ‘Quid
599 524 764 592 obseratis
789 524 925 592 auribus
947 525 1058 593 fimdis
1078 527 1216 614 preces?

472 636 550 705 Non
569 658 654 704 saxa
675 635 774 705 nudis
796 636 949 706 surdiora
970 637 1095 704 navitis

473 748 650 837 Neptunus
671 747 741 816 olto
762 748 877 816 tundit
897 748 1054 818 hibernus
1076 751 1154 818 selo.

474 860 606 928 Inultus
628 865 667 928 ut
688 865 728 927 tu
752 861 867 929 risoris
890 860 1027 951 Cotytia

473 972 629 1061 Volgeta
652 995 784 1040 sacrum
804 971 904 1041 liberi
925 972 1106 1063 Cupidinis,

473 1085 521 1152 Et
541 1083 709 1174 Esquilini
732 1085 885 1175 pontifex
905 1085 1045 1153 venefici

474 1195 602 1286 Inpune
623 1201 664 1264 ut
684 1197 799 1264 urbem
820 1198 951 1266 nomine
972 1197 1111 1286 inpleris
1131 1200 1229 1266 meo?

474 1305 564 1390 Quid
585 1308 746 1397 proderat
768 1309 894 1378 ditasse
915 1309 1094 1396 Paelignas
1116 1333 1199 1379 anus

473 1421 673 1489 Velociusve
695 1421 866 1490 miscuisse
888 1421 1058 1490 toxicum?

474 1531 542 1601 Sed
561 1531 714 1601 tardiora
735 1534 809 1602 fata
829 1541 865 1602 te
887 1533 976 1602 votis
997 1541 1147 1618 manent;

474 1645 614 1732 Ingrata
636 1643 757 1714 misero
778 1645 853 1714 vita
875 1645 1057 1715 ducendast
1077 1646 1113 1712 in
1134 1646 1204 1728 hoc,

474 1755 581 1826 Novis
600 1763 765 1846 utusque
787 1763 948 1848 suppetas
969 1757 1147 1826 laboribus.

475 1867 581 1958 Optat
602 1869 750 1959 quietem
770 1867 907 1959 Pelopis
927 1869 1022 1937 infidi
1042 1876 1147 1960 pater,

473 1981 587 2068 Egens
607 1981 773 2066 benignae
794 1980 958 2050 Tantalus
979 2004 1109 2072 semper
1130 1983 1235 2072 dapis,

475 2091 580 2182 Optat
601 2091 821 2161 Prometheus
842 2094 1011 2182 obligatus
1031 2093 1113 2174 aliti,

475 2203 580 2294 Optat
599 2224 752 2292 supremo
775 2204 936 2273 collocare
958 2204 1124 2295 Sisyphus

474 2315 514 2382 In
537 2322 650 2383 monte
671 2339 801 2400 saxum3
824 2316 884 2385 sed
904 2323 1023 2385 vetant
1043 2318 1136 2405 leges
1158 2318 1258 2387 Iovis.

474 2427 577 2496 Voles
598 2427 695 2495 modo
717 2428 798 2496 altis
820 2428 955 2497 desilire
973 2429 1130 2512 turribus,

475 2539 573 2608 Modo
596 2561 675 2608 ense
696 2545 814 2629 pectus
836 2540 959 2609 Norico
980 2541 1161 2623 recludere,

475 2650 681 2740 Frustraque
704 2651 816 2720 vincla
838 2653 969 2739 gutturi
990 2658 1104 2721 nectes
1126 2665 1185 2722 tuo

475 2762 666 2831 Fastidiose
687 2763 797 2831 tristis
819 2764 1031 2852 aegrimonia.

475 2874 644 2943 Vectabor
665 2875 791 2943 umeris
809 2880 891 2944 tunc
912 2897 974 2963 ego
994 2875 1138 2946 inimicis
1160 2898 1269 2968 eques,

476 2985 635 3076 Meaeque
657 2992 751 3053 terra
772 2987 869 3056 cedet
890 2987 1095 3056 insolentiae.

476 3096 532 3165 An
554 3119 638 3188 qnae
660 3120 793 3166 movere
817 3120 930 3167 cereas
951 3100 1122 3187 imagines,

476 3209 526 3277 Vt
546 3209 619 3298 ipse
642 3210 732 3277 nosti
754 3210 910 3293 curiosus,
933 3217 968 3279 et
986 3212 1063 3300 polo

477 3320 640 3410 Deripere
662 3321 774 3388 lunam
796 3323 931 3391 vocibus
950 3324 1075 3412 possim
1095 3325 1185 3406 meis,

476 3431 605 3501 Possim
627 3439 792 3502 crematos
814 3434 961 3502 excitare
983 3441 1129 3504 mortuos

475 3543 696 3634 Desideriqne
719 3550 905 3635 temperare
927 3547 1052 3636 pocula,

476 3653 606 3723 Plorem
629 3656 712 3724 artis
733 3657 769 3723 in
789 3662 824 3724 te
846 3657 895 3724 nil
917 3659 1049 3744 agentis
1071 3656 1232 3728 exituml'
