3566 5460
787 475 905 540 LIBER
921 479 957 538 11.

498 659 568 730 Nec
590 682 708 730 saevos
729 660 895 748 Lapithas
920 666 956 728 et
977 661 1113 730 nimium
1134 685 1225 730 mero

496 771 665 861 Hylaeum
688 771 893 862 domitosque
915 772 1083 841 Herculea
1105 797 1205 842 manu

496 883 640 952 Tellmis
661 884 807 964 iuvenes,
830 884 917 951 unde
939 885 1123 972 periculum

538 993 686 1082 Fulgens
708 996 908 1064 contremuit
929 995 1044 1064 domus

497 1149 633 1218 Saturni
654 1150 796 1218 veteris:
821 1155 923 1240 tuque
946 1150 1158 1239 pedestribus

495 1262 596 1330 Dices
618 1262 767 1330 historiis
787 1262 916 1350 proelia
938 1261 1101 1343 Caesaris,

494 1373 680 1454 Maecenas,
700 1373 818 1441 melius
841 1373 1006 1464 ductaque
1027 1397 1087 1462 per
1106 1375 1181 1442 vias

536 1483 668 1571 Regum
690 1484 776 1552 oolla
794 1485 979 1552 minacium.

494 1638 548 1707 Me
571 1638 684 1707 dulces
707 1638 858 1706 dominae
877 1639 974 1706 Musa
997 1639 1193 1728 Licymniae

496 1749 632 1832 Cantus,
654 1773 706 1818 me
728 1751 837 1819 voluit
860 1750 970 1818 dicere
994 1751 1141 1819 lucidum

495 1861 679 1950 Fulgentes
701 1863 813 1930 oculos
836 1868 870 1930 et
892 1864 975 1929 bene
998 1864 1122 1930 mutuis

537 1972 659 2041 Fidum
680 1980 798 2065 pectus
821 1976 997 2042 amoribus.

495 2128 602 2211 Quam
623 2151 684 2198 nec
706 2129 795 2197 ferre
818 2130 936 2218 pedem
958 2129 1114 2196 dedecuit
1136 2129 1245 2198 choris

494 2241 565 2309 Nec
586 2247 717 2308 certare
739 2242 811 2309 icco
833 2263 894 2308 nec
915 2240 996 2307 dare
1018 2241 1174 2308 bracchia

495 2352 681 2420 Ludentem
703 2351 821 2420 nitidis
842 2353 1029 2438 virginibus
1052 2375 1146 2420 sacro

536 2465 667 2532 Dianae
690 2464 829 2532 celebris
853 2465 915 2531 dia.

495 2619 582 2688 Num
604 2627 644 2686 tn
666 2641 749 2709 qnae
771 2620 882 2687 tenuit
904 2619 998 2687 dives
1020 2618 1248 2687 Achaemenes

494 2729 568 2798 Aut
588 2731 722 2821 pinguis
743 2731 915 2820 Phrygiae
937 2730 1140 2821 Mygdonias
1160 2754 1240 2821 opes

493 2843 690 2910 Permutare
713 2843 798 2911 velis
821 2844 911 2910 crine
933 2842 1154 2932 Licymniae?

535 2953 657 3022 Plenas
678 2959 738 3022 aut
757 2953 908 3022 Arabum
929 2954 1050 3035 domos,

495 3106 577 3177 Cum
600 3109 781 3194 flagrantia
804 3108 980 3199 detorquet
1002 3110 1044 3176 ad
1067 3109 1180 3178 oscula

494 3218 667 3288 Cervicem
689 3227 749 3287 ant
769 3221 862 3288 facili
884 3221 1029 3288 saevitia
1051 3227 1161 3308 neget

494 3331 587 3414 Quae
609 3337 766 3421 poscente
788 3333 894 3418 magis
917 3333 1067 3419 gaudeat
1087 3333 1179 3421 eripi,

535 3440 709 3511 Interdum
730 3465 848 3532 rapere
871 3447 1034 3532 occupet?

809 3805 916 3881 XIH.

492 3957 602 4026 Vilem
625 3959 753 4026 nefasto
775 3965 811 4026 te
832 3959 946 4049 posuit
967 3959 1021 4026 die

494 4067 696 4160 Quicumque
717 4070 859 4159 primum
881 4078 918 4138 et
938 4071 1102 4158 sacrilega
1123 4094 1223 4139 manu

533 4181 706 4262 Proderit,
729 4182 834 4264 arbos,
857 4183 892 4248 in
915 4188 1072 4272 nepotum

576 4291 762 4360 Perniciem
785 4295 1061 4384 opprobriumque
1084 4295 1171 4384 pagi,

491 4461 590 4530 Illum
613 4469 648 4531 ct
666 4465 816 4552 parentis
839 4465 1037 4533 crediderim
1059 4467 1111 4533 sui

491 4574 646 4661 Fregisse
671 4577 832 4644 cervicem
854 4583 889 4644 et
911 4578 1096 4666 penetralia

534 4685 704 4776 Sparsiase
726 4695 885 4756 nocturno
909 4711 1024 4757 cruore

575 4797 745 4887 Hospitis;
766 4799 824 4866 ille
844 4821 975 4867 venena
997 4798 1121 4870 Colcha
