3566 5460
724 1374 1341 1488 CARMINVM

884 1605 1001 1668 LIBER
1021 1605 1186 1669 ruerus.

1022 1793 1050 1866 1.

664 1909 737 2019 Odi
757 1949 931 2037 profanum
954 1948 1075 2034 volgus
1097 1953 1133 2015 ct
1155 1969 1261 2014 arceo.

663 2063 792 2130 Favete
814 2062 953 2148 linguis;
975 2063 1122 2129 earmina
1143 2087 1209 2130 non
1231 2063 1323 2152 prius

704 2173 834 2242 Audita
855 2171 1026 2241 Musarum
1048 2173 1204 2241 sacerdos

747 2285 943 2372 Virginibus
964 2285 1142 2375 puerisque
1162 2292 1269 2352 canto.

663 2458 794 2546 Regum
815 2457 1036 2524 timendorum
1059 2458 1093 2523 in
1114 2457 1267 2547 proprios
1289 2479 1417 2544 greges,

662 2571 775 2658 Reges
796 2570 831 2636 in
853 2571 943 2658 ipsos
964 2569 1173 2658 imperiumst
1194 2568 1294 2650 Iovis

705 2680 797 2748 Clari
819 2680 985 2767 Giganteo
1008 2681 1184 2769 triumpho,

749 2790 878 2859 Cuncta
901 2793 1076 2881 supercilio
1099 2791 1273 2859 moventis.

662 2963 727 3030 Est
750 2969 789 3029 ut
811 2963 883 3030 viro
905 2963 958 3030 vir
980 2963 1084 3030 latius
1106 2963 1239 3031 ordinet

664 3074 816 3142 Arbusta
838 3075 947 3156 sulcis,
969 3075 1023 3141 hic
1045 3076 1238 3162 generosior

704 3186 898 3254 Descendat
919 3187 953 3252 in
975 3209 1123 3274 campum
1146 3187 1282 3277 petitor,

745 3297 895 3366 Moribus
916 3298 970 3364 hic
994 3298 1174 3388 meliorque
1195 3300 1281 3365 fame

663 3469 859 3551 contendat,
881 3469 931 3536 illi
953 3471 1054 3538 turba
1076 3470 1247 3537 clientium

662 3579 715 3647 Sit
733 3581 847 3649 maior.
892 3578 1013 3671 Aequa
1034 3582 1109 3668 lege
1131 3580 1323 3649 Necessitas

706 3691 854 3759 Sortitur
876 3693 1025 3778 insignes
1049 3699 1085 3760 et
1105 3693 1205 3778 imos;

747 3801 850 3870 Omne
873 3825 980 3893 capax
1002 3813 1115 3872 movet
1137 3827 1221 3872 urna
1241 3826 1367 3870 nomen.

661 3972 854 4042 Destrictus
875 3976 964 4044 ensis
987 3976 1040 4043 cui
1062 3997 1162 4063 super
1182 3973 1274 4063 inpia

662 4085 801 4154 Cervice
823 4087 955 4175 pendet,
977 4111 1042 4153 non
1067 4085 1200 4153 Siculae
1223 4085 1325 4174 depes

704 4197 843 4265 Duloem
865 4198 1082 4265 elaborabunt
1104 4219 1262 4287 saporem,
1299 4263 1301 4268 Α

745 4307 822 4375 Non
844 4309 955 4376 avium
977 4309 1191 4399 citharaeque
1214 4314 1331 4376 cantus

660 4477 815 4546 Somnum
837 4479 1006 4546 reducent.
1050 4477 1189 4547 Somnus
1209 4479 1393 4566 agrestium

660 4584 763 4657 Lenis
786 4590 932 4658 virorum
954 4615 1019 4659 non
1042 4591 1182 4658 humiles
1205 4589 1317 4658 domos

703 4701 852 4770 Fastidit
873 4703 1124 4793 umbrosamque
1147 4703 1260 4792 ripam,

745 4813 821 4881 Non
843 4815 1001 4904 zephyris
1024 4816 1153 4902 agitata
1175 4823 1294 4904 tempe.
