3566 5460
949 483 1152 544 CARMINVM

690 666 784 734 Adde
804 667 891 755 quod
910 668 1021 755 pubes,
1042 667 1099 734 ubi
1120 668 1248 748 crescit,
1271 669 1377 734 omnis

690 777 843 844 Servitus
865 778 986 845 crescit
1007 801 1101 858 nova,
1123 801 1183 846 nec
1203 779 1331 867 priores

689 889 808 976 Inpiae
830 887 956 956 tectum
979 888 1130 957 dominae
1152 889 1353 979 relinquunt,

734 999 840 1088 Saepe
862 1001 989 1068 minati.

690 1191 737 1258 Te
758 1189 827 1258 suis
849 1195 974 1257 matres
995 1195 1149 1257 metuunt
1170 1190 1327 1270 iuvencis,

690 1302 737 1367 Te
760 1323 856 1369 senos
878 1300 972 1389 parci
993 1301 1207 1390 miseraeque,
1232 1324 1337 1390 nuper

689 1413 856 1498 Virgines,
878 1417 1013 1501 nuptae,
1036 1420 1096 1480 tua
1117 1434 1159 1479 ne
1178 1413 1332 1480 retardet

733 1524 829 1594 Aura
850 1524 998 1591 maritos.

949 1842 1155 1854 —h1—

992 2091 1112 2168 VIIII.

690 2263 767 2330 Non
790 2285 920 2351 semper
940 2264 1063 2330 imbres
1086 2264 1227 2330 nubibus
1249 2263 1417 2352 *hispidos

691 2377 831 2442 Manent
849 2375 883 2440 in
905 2398 1004 2461 agros
1026 2381 1085 2442 aut
1105 2397 1197 2442 mare
1220 2373 1378 2464 Caspium

735 2485 871 2554 Vexent
892 2485 1082 2575 inaequales
1105 2487 1271 2573 procellae

778 2598 900 2686 Vsque,
925 2619 985 2664 nec
1007 2596 1176 2664 Armeniis
1196 2598 1231 2664 in
1254 2599 1329 2678 oris,

692 2803 809 2872 Amice
829 2804 941 2890 Valgi,
963 2810 1034 2872 stat
1055 2804 1181 2890 glacies
1203 2805 1293 2872 iners

692 2915 825 2983 Menses
847 2937 907 3004 per
929 2937 1049 2994 omnes,
1070 2921 1131 2982 aut
1153 2915 1363 3005 aquilonibus

736 3025 930 3115 Querqueta
955 3025 1106 3113 Gargani
1126 3027 1280 3094 laborant

777 3137 826 3204 Et
844 3137 934 3205 foliis
954 3137 1137 3206 viduantur
1159 3138 1248 3204 orni:

693 3347 745 3412 ru
767 3369 895 3435 semper
918 3367 1041 3432 urgues
1062 3345 1227 3412 flebilibus
1249 3345 1355 3412 modis

694 3456 832 3546 Mysten
854 3457 1054 3545 ademptum,
1076 3479 1137 3524 nec
1158 3457 1223 3523 tibi
1243 3477 1384 3545 vespero

736 3568 903 3654 Surgente
926 3569 1093 3636 decedunt
1113 3590 1243 3637 amores

778 3681 850 3748 Nec
871 3680 1024 3769 rapidum
1045 3681 1196 3768 fugiente
1218 3679 1329 3746 solem.

694 3885 744 3953 At
765 3910 830 3953 non
852 3893 906 3954 ter
929 3908 1011 3953 aevo
1033 3887 1168 3954 functus
1191 3887 1365 3953 amabilem

693 3997 847 4065 Ploravit
868 4020 979 4066 omnes
1002 3997 1219 4064 Antilochum
1241 4019 1342 4064 senex

738 4109 862 4190 Annos,
884 4132 944 4176 nec
966 4109 1121 4195 inpubem
1142 4113 1300 4196 parentes

780 4220 915 4287 Troilon
937 4225 996 4286 aut
1018 4217 1188 4308 Phrygiae
1209 4241 1338 4287 sorores

694 4423 834 4492 Flevere
857 4446 995 4511 semper.
1039 4423 1163 4492 Desine
1185 4424 1333 4492 mollimn

695 4535 843 4603 Tandem
864 4535 1094 4625 querellarum,
1117 4539 1153 4601 et
1173 4535 1286 4624 potius
1308 4559 1396 4604 nova

739 4645 919 4716 Cantemus
940 4645 1088 4732 Augusti
1110 4653 1249 4734 tropaea

781 4756 943 4840 Caesaris,
965 4765 1001 4826 et
1021 4756 1167 4845 rigidum
1187 4756 1359 4854 Niphaten
