3566 5460
761 459 878 523 LIBER
898 461 919 522 I.

774 783 916 858 XXXI.

451 938 540 1022 Quid
562 938 752 1008 dedicatum
773 939 882 1029 poscit
901 939 1092 1028 Apollinem

450 1051 582 1120 Vates?
625 1051 714 1134 Quid
734 1056 817 1133 orat
839 1050 880 1119 de
901 1057 1022 1141 patera
1042 1076 1164 1120 novum

493 1163 651 1232 Fundere
672 1165 858 1255 liquorem?
900 1163 977 1231 Non
998 1165 1127 1254 opimae

536 1275 712 1345 Sardiniae
734 1283 867 1364 segetes
888 1277 1025 1357 feraces,

451 1463 527 1533 Non
547 1471 722 1534 aestuosae
745 1465 817 1533 lete
839 1464 1017 1533 Calabriae

451 1577 628 1659 Armenta,
651 1601 716 1645 non
738 1601 855 1646 aurum
877 1584 937 1646 aut
959 1579 1040 1646 ebur
1060 1578 1219 1660 Indicum,

492 1689 570 1758 Non
590 1713 678 1773 rura,
701 1713 785 1780 quoe
807 1689 898 1758 Liris
920 1689 1036 1780 quiete

535 1801 671 1871 Mordet
692 1825 786 1893 aque,
807 1801 995 1870 taciturnus
1016 1803 1131 1871 amnis.

452 1991 610 2060 Prement
632 1971 791 2060 Calenam
809 1991 895 2060 falce
918 1990 1036 2082 quibus
1059 1991 1154 2059 dedit

452 2103 602 2172 Fortuna
624 2105 737 2186 vitem,
761 2103 855 2172 dives
876 2110 913 2172 et
934 2104 1045 2173 eureis

494 2217 663 2286 Mereatur
684 2217 830 2286 exsiccet
853 2217 974 2286 culillis

535 2328 626 2398 Vina
647 2353 709 2398 sue
731 2335 892 2418 reparate
913 2351 1028 2410 merce,

452 2518 515 2588 Dis
537 2541 635 2588 carus
656 2519 748 2609 ipsis,
770 2519 892 2610 quippe
914 2524 969 2587 ter
990 2522 1025 2585 et
1049 2523 1169 2608 quater
1230 2571 1236 2586 .

454 2631 551 2699 Anne
574 2632 723 2699 revisens
746 2653 868 2722 aequor
888 2629 1096 2698 Atlanticum

495 2743 632 2834 Inpune.
674 2745 730 2812 Me
753 2750 896 2834 pascunt
918 2743 1035 2824 olivae,

538 2855 593 2925 Me
617 2857 769 2926 cichorea
790 2857 948 2945 levesque
969 2855 1110 2924 malvae.

453 3044 534 3114 Frui
555 3047 685 3136 paretis
707 3052 744 3113 et
764 3045 877 3114 valido
899 3045 988 3127 mihi,

454 3157 570 3241 Lateo,
593 3158 695 3228 dones
718 3181 757 3227 ec
779 3181 897 3249 precor
918 3157 1051 3245 integra

496 3269 578 3338 Cum
597 3277 717 3353 mente,
738 3293 800 3340 nec
820 3277 953 3362 turpem
973 3275 1142 3339 senectam

537 3384 672 3472 Degere
693 3405 755 3452 nec
778 3383 909 3452 cithera
930 3387 1107 3452 carentem.

763 3779 926 3855 XXXII.

452 3935 631 4004 Poecimur.
674 3931 793 4024 Siquid
814 3935 913 4003 vacui
933 3935 993 4004 sub
1016 3936 1133 4003 umbre

454 4046 608 4116 Lusimus
628 4052 747 4128 tecum,
769 4046 858 4137 quod
881 4053 917 4115 et
937 4048 1025 4116 hunc
1046 4049 1081 4115 in
1103 4071 1224 4116 annum

453 4159 559 4228 Vivet
581 4165 618 4228 et
638 4158 759 4248 plures,
781 4181 843 4245 age
868 4159 921 4228 dic
942 4159 1109 4242 Latinum,

494 4271 643 4352 Barbite‚
667 4293 806 4352 carmen,

452 4459 573 4528 Lesbio
595 4461 737 4549 primum
758 4460 926 4530 modulate
949 4461 1023 4543 civi,

453 4571 519 4654 Qui
539 4573 633 4640 ferox
655 4571 743 4640 bello
767 4578 879 4640 tamen
901 4574 990 4642 inter
1013 4597 1112 4656 arma,

452 4683 532 4752 Sive
554 4684 715 4753 iactatam
736 4685 901 4772 religaret
921 4685 986 4756 udo

495 4795 613 4864 Litore
634 4796 754 4878 navim,
