3566 5460
770 482 887 546 LIBER
908 484 958 546 III.

474 665 654 734 Immineus
675 667 777 734 villae
798 673 859 734 tua
876 667 973 756 pinus
995 676 1077 750 esto,

476 775 582 859 Quam
603 799 665 867 per
686 783 822 848 exactos
843 802 906 866 ego
928 780 1038 848 laetum
1059 803 1162 850 annos

476 888 593 957 Verris
614 891 783 981 obliquum
806 891 1001 960 meditantis
1022 892 1126 961 ictum

519 999 687 1088 Sanguine
711 1003 838 1071 donem.

792 1381 937 1458 XXIII.

477 1535 579 1604 Caelo
600 1535 736 1625 supinas
758 1535 787 1604 si
809 1535 929 1603 tuleris
951 1559 1066 1604 manus

476 1647 645 1716 Nasceute
668 1648 755 1728 luna,
777 1647 904 1716 rustice
923 1647 1078 1737 Phidyle,

519 1758 556 1827 Si
578 1765 656 1827 ture
678 1759 824 1848 placaris
846 1765 882 1826 et
904 1759 1009 1827 horna

418 1907 421 1914 ⁴
561 1870 673 1958 Fruge
696 1871 802 1939 Lares
824 1871 992 1961 avidaque
1013 1895 1130 1960 porca:

476 2043 547 2111 Nec
568 2043 785 2132 pestilentem
808 2043 933 2110 sentiet
954 2042 1107 2111 Africum

475 2155 633 2222 Fecunda
654 2154 737 2223 vitis
757 2176 819 2223 nec
841 2154 988 2223 sterilem
1012 2177 1109 2242 seges

519 2267 720 2354 Robiginem
743 2273 804 2334 aut
825 2265 939 2336 dulces
961 2267 1087 2336 alumni

562 2377 729 2447 Pcmifero
751 2401 855 2466 grave
877 2385 1009 2469 tompus
1031 2403 1126 2448 anno.

476 2549 564 2618 Nam
586 2573 670 2640 quac
693 2549 797 2619 nivali
818 2551 970 2640 pascitur
991 2549 1116 2638 Algido

476 2662 611 2731 Devota
635 2684 775 2753 quercus
795 2662 885 2730 inter
908 2668 943 2730 et
965 2662 1059 2730 ilices

518 2774 591 2842 Aut
612 2775 734 2843 crescIt
753 2773 897 2842 Albania
919 2776 953 2841 in
974 2775 1087 2843 herbis

562 2885 719 2968 Victima,
741 2886 935 2976 pontificum
957 2907 1089 2956 secures

478 3056 617 3127 Cervice
632 3059 788 3145 tinguet:
810 3063 845 3125 te
867 3058 953 3126 nihil
974 3059 1100 3126 attinet

477 3169 654 3258 Temptare
675 3170 783 3237 multe
805 3170 907 3238 caede
929 3170 1115 3238 bidentium

519 3280 647 3351 Parvos
670 3287 882 3350 coronantem
904 3283 1031 3350 marino

561 3391 653 3461 Rure
675 3394 755 3462 deos
777 3393 956 3483 fragilique
979 3399 1100 3484 myrto.

476 3571 625 3641 Inmunis
647 3597 741 3642 aram
762 3574 791 3642 si
812 3575 930 3662 tetigit
954 3597 1078 3657 manus,

477 3683 553 3751 Nou
575 3691 771 3774 sumptuose
791 3685 944 3754 blandior
966 3685 1085 3768 hostie,

519 3795 667 3864 Mollivit
689 3821 826 3866 eversos
847 3797 993 3866 Penates

562 3907 668 3978 Ferre
690 3910 746 3998 pio
770 3915 806 3978 et
827 3909 971 3979 saliente
992 3911 1085 3979 mica

785 4318 950 4396 XXIIII.

476 4470 619 4540 Intactis
641 4473 831 4562 opulentior

519 4582 700 4652 Thesauris
721 4583 873 4653 Arabum
896 4592 932 4652 et
953 4585 1070 4654 divitis
1091 4585 1210 4654 Indiae

478 4693 668 4764 Cacmentis
691 4696 772 4765 licet
791 4718 931 4787 occupes

518 4805 701 4876 Terrenum
719 4831 814 4877 omne
834 4809 903 4877 tuis
926 4814 962 4877 et
982 4831 1073 4877 mare
1096 4810 1272 4899 publicum
