3526 5468
868 415 1073 476 OARMlNVM

506 598 623 687 Nupta
641 599 709 665 iam
731 599 821 666 dices
843 596 921 686 ‘ego
945 599 996 668 dis
1019 601 1158 668 amicum

507 709 646 778 Saeculo
669 711 775 778 festas
795 711 961 780 referente
983 711 1074 780 luces

507 821 653 889 Reddidi
675 844 806 890 carmen
830 823 947 891 docilis
969 824 1139 892 modorum

550 933 649 1002 Vatis
671 930 814 1002 Horati'

868 1135 1072 1148 ψ...-

923 1263 1009 1340 VH.

505 1402 680 1488 Diffugere
704 1401 807 1482 nives,
829 1401 973 1469 redeunt
993 1403 1060 1470 iam
1082 1403 1234 1489 gramina
1257 1404 1381 1492 campis

549 1514 799 1603 Arboribuaque
823 1537 951 1599 oomae;

505 1626 618 1693 Mutat
638 1631 730 1693 terra
753 1625 843 1694 vices
866 1632 901 1693 et
924 1626 1150 1696 decrescentia
1168 1628 1260 1717 ripas

547 1738 700 1806 Flumina
720 1744 954 1826 praetereunt;

507 1892 628 1961 Gratia
650 1917 722 1960 cum
743 1893 911 1983 Nymphis
933 1895 1138 1985 geminisque
1161 1895 1328 1962 sororibus
1350 1895 1453 1962 audet

548 2005 679 2074 Ducere
700 2005 790 2073 nuda
811 2007 936 2076 choros.

505 2117 702 2185 Inmortalia
722 2141 764 2185 ne
785 2140 907 2206 speres,
933 2126 1046 2187 monet
1067 2143 1171 2187 annus
1195 2126 1230 2188 et
1251 2119 1373 2186 almum

550 2229 644 2312 Quae
665 2230 755 2319 rapit
776 2230 860 2299 hora
882 2231 978 2298 diem.

505 2385 650 2472 Frigora
672 2386 853 2454 mitescunt
873 2385 1047 2475 Zephyris,
1070 2409 1131 2456 var
1151 2388 1296 2476 proterit
1317 2391 1428 2453 aestus

549 2497 745 2580 interitura,
767 2497 866 2565 simul

505 2609 651 2678 Pomifer
672 2615 851 2678 autumnus
872 2610 987 2698 fruges
1009 2611 1176 2694 effuderit,
1198 2619 1234 2679 et
1258 2635 1334 2680 mox

549 2721 675 2788 Bruma
696 2722 841 2789 recurrit
861 2722 960 2790 iners.

504 2877 636 2944 Damna
657 2883 770 2944 tamen
792 2878 917 2946 celeres
938 2885 1100 2967 reparant
1122 2880 1283 2948 caelestia
1303 2881 1417 2964 lunae;

547 2989 618 3057 Nos
639 2989 697 3056 ubi
720 2988 911 3070 decidimus,

506 3101 578 3182 Quo
601 3106 699 3190 pater
720 3101 862 3183 Aeneas,
884 3125 949 3192 quo
971 3102 1089 3171 Tullus
1113 3103 1223 3172 ldives
1246 3112 1281 3172 et
1302 3103 1424 3185 Ancus,

549 3212 666 3282 Pulvis
689 3220 724 3281 et
746 3217 863 3283 umbra
884 3239 1004 3284 sumus.

506 3367 607 3450 lenis
629 3370 758 3437 scitaen
781 3369 929 3438 adiciant
949 3370 1130 3438 hodiernae
1152 3371 1301 3438 crastiua
1321 3394 1466 3440 summae

548 3479 713 3570 Tempora
735 3481 770 3548 di
792 3481 928 3570 superi?

506 3592 635 3662 Cuncta
656 3616 773 3661 manus
795 3592 912 3661 avidos
934 3593 1066 3680 fugient
1088 3593 1230 3676 heredia,
1253 3593 1358 3662 amico

548 3702 642 3786 Quae
665 3703 797 3773 dederis
817 3704 935 3773 animo.

506 3857 588 3926 Cum
610 3860 713 3928 semel
735 3859 895 3928 occidaris
918 3861 1016 3928 etde
1037 3866 1073 3927 te
1095 3859 1270 3950 splendida
1291 3860 1400 3930 Minos

547 3971 682 4040 Tecarit
702 3971 852 4054 arbitria,

504 4083 589 4164 Non,
611 4082 788 4174 Torquate,
810 4106 923 4170 genus,
948 4108 1012 4152 non
1034 4090 1069 4152 te
1087 4084 1251 4165 facundia,
1273 4108 1339 4153 non
1360 4091 1395 4154 te

547 4194 723 4263 Restituet
744 4196 869 4285 pietas:

503 4349 648 4418 Infernis
669 4371 775 4440 noque
799 4349 886 4417 enim
906 4351 1054 4418 tenebris
1075 4350 1187 4418 Diana
1208 4350 1363 4439 pudicum

548 4461 690 4529 Liberat
711 4461 940 4552 Hippolytum,

503 4573 575 4642 Nec
596 4573 748 4642 Lethaea
767 4575 861 4642 valet
881 4571 1029 4642 Theseus
1051 4575 1246 4662 abrumpere
1269 4597 1345 4643 caro

547 4684 690 4754 Vincula
710 4686 870 4755 Pirithoo.
