3526 5468
894 431 1100 498 CARMINVM

939 775 1046 850 XIII.

581 928 762 1010 Audivere,
785 929 886 1018 Lyce,
910 928 944 995 di
965 951 1040 998 mea
1062 935 1151 1012 vota,
1175 929 1209 996 di

582 1039 763 1122 Audivere,
784 1040 892 1130 Lyce:
914 1042 955 1108 fis
977 1064 1060 1109 auus
1082 1048 1118 1108 et
1139 1047 1250 1109 tamen

624 1152 685 1220 Vis
706 1153 850 1220 formosa
871 1152 981 1220 videri

666 1264 838 1355 Ludisquc
861 1269 897 1331 et
917 1263 1004 1332 bibis
1025 1263 1189 1353 inpudens

579 1453 627 1520 Et
647 1459 749 1521 centu
770 1454 913 1521 tremulo
934 1459 1016 1543 pota
1038 1452 1236 1543 Cupidinem

578 1565 722 1632 Lentem
744 1565 916 1633 sollicitas.
959 1565 1023 1632 Ille
1046 1565 1189 1632 virentis
1215 1571 1251 1631 et

620 1677 748 1745 Doctae
771 1677 915 1766 psallere
939 1675 1043 1745 Chiae

663 1788 817 1857 Pulchris
840 1788 985 1856 excubat
1005 1788 1040 1855 in
1061 1789 1165 1876 genis.

574 1978 778 2067 Inportunus
800 1977 888 2044 enim
909 1976 1102 2045 transvolat
1123 1976 1238 2044 aridas

577 2088 735 2172 Quemne,
758 2095 793 2156 et
818 2089 946 2175 refugit
967 2095 1011 2170 tc,
1034 2089 1114 2178 qnia
1135 2088 1238 2156 luridi

619 2201 749 2268 Dentes
770 2206 815 2283 tc,
837 2202 915 2291 quia
936 2221 1042 2287 rugae

663 2311 817 2402 Turpant
839 2318 875 2380 et
897 2312 1017 2400 capitis
1039 2312 1143 2380 nives.

576 2500 648 2569 Nec
671 2499 760 2568 Coae
783 2502 934 2569 referunt
955 2501 1023 2568 iam
1044 2500 1109 2568 tibi
1131 2523 1298 2590 purpurae

574 2612 647 2680 Nec
669 2613 753 2680 clari
775 2613 905 2703 lapides
926 2619 1086 2702 tempora,
1108 2635 1195 2703 qnae
1218 2614 1321 2680 semel

617 2724 718 2793 Notis
741 2725 877 2793 condita
898 2723 997 2793 fastis

660 2836 803 2905 Inclusit
823 2837 969 2904 volucris
992 2836 1073 2905 dics.

575 3023 647 3106 Quo
670 3025 761 3118 fugit
781 3046 895 3106 venus,
917 3025 992 3106 heu,
1015 3047 1122 3116 quove
1146 3027 1259 3094 color?
1282 3026 1402 3096 decens

575 3136 647 3219 Quo
670 3138 806 3206 motus?
850 3135 940 3218 Quid
962 3137 1065 3205 habes
1086 3137 1187 3220 illius,
1209 3139 1309 3220 illius,

618 3248 711 3331 Quae
734 3249 888 3338 spirabat
910 3272 1048 3332 amores,

661 3359 755 3442 Quae
777 3369 840 3428 mc'
852 3367 1031 3450 surpuerat
1051 3361 1133 3429 mihi

458 3567 462 3572 ·
573 3546 671 3614 Felix
692 3553 770 3636 post
792 3546 949 3616 cineram
971 3554 1115 3639 notaque
1138 3555 1174 3617 et
1195 3549 1319 3618 ardum

575 3657 758 3727 Gruterum
779 3659 907 3728 facies?
951 3657 1018 3727 Sed
1041 3659 1185 3730 Cinarae
1206 3663 1326 3731 breves

616 3769 733 3839 Annos
755 3770 828 3838 fata
851 3770 1024 3854 dederunt,

659 3880 844 3951 Servatum
866 3881 924 3949 diu
946 3906 1062 3972 parem

576 4069 725 4140 Cornicis
748 4069 883 4139 vetulae
906 4070 1111 4161 temporibus
1134 4069 1258 4161 Lycen,

574 4182 719 4251 Possunt
738 4189 779 4250 ut
799 4184 938 4252 iuvenes
961 4183 1070 4251 visere
1093 4183 1214 4252 fervidi

617 4294 724 4363 Multo
746 4317 812 4363 non
834 4295 906 4363 sine
927 4294 998 4364 risu

660 4407 835 4495 Dilapsam
857 4407 892 4473 in
911 4407 1047 4502 cineres·
1061 4406 1177 4476 facem.

883 4631 1087 4641 ..——..—.-
