3566 5460
774 501 891 571 umus
911 475 968 569 mss

510 692 703 782 Conponere
726 715 867 782 aequus;
896 698 1009 761 cetera
1029 693 1172 761 fluminis

509 805 594 872 Ritu
615 806 776 887 feruntur,
799 829 885 872 nune
907 804 1015 872 medio
1037 805 1134 873 alveo

553 915 636 984 Cum
657 939 738 1006 paee
762 917 949 985 delabentis
970 917 1150 986 Etruscum

594 1029 635 1096 In
657 1053 756 1112 mare,
778 1053 865 1097 nune
885 1029 1016 1118 lapides
1039 1029 1155 1098 adesos

511 1201 705 1292 Stirnesque
732 1208 847 1291 raptus
876 1207 912 1270 et
937 1224 1037 1291 pecus
1060 1208 1095 1268 et
1116 1202 1229 1270 domos

509 1313 686 1382 Volventis
709 1339 774 1382 una
796 1338 861 1382 non
883 1316 954 1382 aine
977 1315 1137 1382 montium

554 1426 705 1494 Clamore
726 1426 919 1517 vicinaeque
942 1426 1055 1509 silvae,

596 1537 678 1606 Cum
700 1539 772 1606 fera
794 1538 936 1606 diluvies
958 1538 1089 1628 quietos

509 1711 630 1778 Irritat
652 1733 772 1778 amnes.
816 1711 879 1778 llle
902 1716 1021 1799 potens
1044 1711 1096 1778 sui

510 1823 700 1913 Laetusque
722 1823 829 1910 deget,
853 1823 905 1891 oui
926 1823 1008 1890 lieet
1028 1823 1064 1889 in
1088 1823 1175 1891 diem

553 1935 687 2004 Dixisse
711 1931 812 2004 ‘vixiz
835 1958 909 2004 eras
931 1935 987 2002 vel
1011 1942 1087 2004 atra

595 2047 692 2115 Nube
714 2048 834 2137 polum,
855 2054 960 2136 pater,
983 2054 1143 2138 oooupato

511 2218 574 2287 Vel
596 2221 665 2288 sole
687 2243 786 2309 puro;
809 2222 1006 2289 nontamen
1028 2221 1170 2302 irritum,

511 2331 743 2422 Quodcumque
766 2338 900 2414 retrost,
924 2333 1056 2415 efficies,
1079 2357 1185 2423 neque

552 2444 717 2532 Diffinget
738 2445 961 2536 infectumque
983 2445 1110 2528 reddet,

597 2555 693 2638 Quod
714 2557 846 2644 fugiens
869 2559 970 2625 semel
992 2559 1075 2626 hora
1097 2558 1199 2625 vexit.

510 2729 660 2796 Fortuna
683 2753 783 2798 saevo
804 2731 895 2798 laeta
917 2731 1051 2817 negotio
1074 2737 1110 2797 et

510 2840 641 2907 Ludum
662 2843 859 2910 insolentem
880 2842 995 2910 ludere
1016 2842 1172 2930 pertinax

553 2953 770 3022 'lbansmutat
795 2955 940 3021 incertos
961 2954 1111 3036 honores,

596 3065 692 3133 Nune
715 3067 803 3146 mihi,
825 3090 911 3133 nuno
933 3067 991 3134 elii
1012 3067 1163 3154 benigna.

511 3237 627 3306 Laudo
648 3245 850 3325 manentem;
872 3240 902 3307 si
924 3239 1049 3308 celeres
1074 3240 1185 3328 quatit

511 3351 642 3432 Pinnae,
664 3351 798 3438 resigno
821 3375 905 3440 quae
927 3351 1021 3419 dedit
1045 3357 1079 3419 et
1101 3374 1174 3418 mea

553 3461 691 3529 Virtute
713 3485 764 3529 me
787 3463 921 3531 involvo
944 3464 1146 3554 probumque

596 3573 794 3663 Pauperiem
816 3575 887 3642 sine
910 3575 987 3644 dote
1010 3598 1140 3666 quaero.

511 3745 586 3814 Non
609 3753 663 3815 est
684 3770 799 3829 meum,
824 3749 855 3816 si
875 3749 1003 3835 mugiet
1023 3748 1149 3817 Afn'ois

511 3859 619 3927 Malus
640 3860 804 3948 procellis,
825 3861 869 3927 ed
890 3861 1028 3928 miserm
1049 3883 1164 3950 praees

554 3971 740 4040 Deourrere
764 3977 799 4038 et
821 3971 910 4040 votis
931 3973 1061 4055 paoisoi,

596 4082 648 4152 Ne
672 4082 817 4172 Cypriae
839 4083 1028 4174 Tyriaeque
1051 4107 1176 4154 meroes

512 4254 651 4322 Addunt
673 4277 775 4324 avaro
798 4256 934 4324 divitias
955 4257 1055 4324 mari:

512 4366 595 4434 Tum
616 4389 668 4434 me
690 4368 824 4435 biremis
846 4368 1014 4457 praesidio
1035 4369 1179 4457 scaphae

554 4478 677 4546 Tutum
698 4501 758 4568 per
779 4480 935 4567 Aegaeos
957 4481 1122 4549 tumultus

596 4591 691 4659 Aura
713 4591 801 4659 feret
824 4593 1038 4683 geminusque
1059 4589 1199 4659 Pollux?

767 4809 971 4822 *—
