3526 5468
790 539 911 600 LIBER.

383 722 572 812 Fontasque
594 721 742 811 lymphis
764 723 962 812 obstrepunt
984 725 1203 806 manantibus,

428 832 566 901 Somnos
587 834 676 924 quod
694 833 818 900 invitet
839 834 940 901 leves.

384 943 434 1011 At
455 969 527 1014 cum
548 946 699 1013 tonantis
722 968 828 1012 annus
850 945 1008 1013 hibernus
1030 947 1120 1014 Iovis

427 1056 555 1126 Imbres
576 1055 736 1146 niveaque
762 1063 933 1147 conparat,

385 1167 457 1234 Aut
477 1167 587 1235 trudit
608 1189 702 1236 acres
724 1168 801 1236 hinc
822 1173 857 1235 at
879 1169 956 1236 hinc
977 1168 1084 1238 multa
1107 1192 1188 1237 cane

428 1278 538 1369 Apros
560 1279 595 1346 in
618 1281 790 1348 obstantes
810 1280 937 1368 plagas,

385 1391 458 1459 Aut
480 1391 582 1459 amite
603 1391 672 1458 lavi
694 1414 774 1459 rara
795 1392 907 1459 tendit
929 1392 1025 1474 retia,

428 1501 550 1570 Turdis
572 1503 727 1572 edacibus
750 1503 851 1586 dolos,

385 1615 612 1704 Pavidumque
638 1616 786 1704 leporem
809 1621 845 1682 ct
871 1614 1035 1684 advenam
1061 1616 1179 1705 laqueo
1202 1637 1317 1702 gruem

429 1726 578 1795 Iucunda
600 1732 716 1816 captat
736 1727 893 1816 praemia.

386 1838 468 1921 Quis
489 1861 554 1907 non
577 1839 765 1920 *malarum
788 1861 870 1928 quas
892 1862 983 1907 amor
1006 1861 1103 1907 curas
1124 1840 1234 1920 habet,

429 1949 523 2018 Haeo
545 1951 634 2018 inter
658 1950 890 2018 obliviscitur?

387 2062 513 2143 Quodsi
536 2062 657 2151 pudica
679 2062 799 2130 mulier
825 2061 860 2129 in
883 2067 1014 2151 partem
1035 2063 1130 2131 iuvet

430 2175 572 2242 Domum
594 2180 696 2266 atque
719 2173 832 2241 dulces
854 2173 985 2255 liberos,

387 2285 511 2354 Sabina
532 2285 640 2376 qualis
663 2291 724 2353 aut
745 2281 884 2375 pomata
905 2285 1030 2354 solibus

430 2397 580 2466 Pemicis
597 2421 683 2466 uxor
702 2396 814 2488 Apuli,

388 2509 524 2576 Sacrum
545 2509 691 2577 vetustis
713 2515 868 2576 exstruat
889 2509 991 2596 lignis
1012 2510 1121 2577 focum

431 2621 530 2689 Lassi
552 2622 612 2688 sub
635 2621 817 2689 adventum
839 2621 913 2702 viri,

389 2731 620 2823 Glaudcnsque
642 2733 748 2800 textis
770 2733 918 2800 cratibus
940 2732 1067 2800 laetum
1088 2755 1189 2822 pecus

430 2844 591 2913 Distento
612 2845 716 2913 siccet
734 2846 837 2913 ubera

387 2955 435 3022 Et
456 2955 562 3024 horna
583 2956 672 3024 dulci
695 2955 775 3024 vina
795 2978 949 3046 promens
972 2955 1059 3023 dolio

430 3067 544 3156 Dapes
562 3068 729 3156 inemptas
752 3067 909 3157 adparet:

387 3177 464 3245 Non
485 3201 537 3246 me
561 3177 709 3246 Lucrina
732 3179 881 3247 iuverint
903 3178 1078 3267 conchylia

430 3289 582 3377 Magisva
604 3289 760 3358 rhombus
782 3290 957 3371 autmari,

388 3400 507 3490 Siquos
528 3401 610 3471 Eois
632 3401 788 3470 intonata
809 3402 965 3469 fluctibus

430 3513 569 3603 Hiemps
590 3513 634 3581 ad
654 3513 716 3580 hoo
735 3519 850 3582 vertat
870 3535 979 3597 mare;

387 3623 463 3693 Non
482 3625 570 3692 Afra
591 3625 665 3693 avis
688 3623 871 3692 descendat
892 3626 927 3691 in
949 3631 1100 3693 vantram
1123 3645 1240 3703 meum,

430 3736 506 3804 Non
529 3742 670 3824 attagen
692 3735 826 3804 Ionicus

387 3847 566 3916 Iucundior
587 3871 686 3937 quam
707 3847 797 3916 lecta
818 3846 859 3915 da
881 3845 1108 3936 pinguissimis

431 3959 529 4028 Oliva
549 3961 652 4027 ramis
674 3959 826 4027 arborum

389 4071 461 4138 Aut
482 4071 586 4138 herba
608 4070 741 4160 lapathi
762 4077 863 4159 prata
886 4069 1030 4137 amantis
1051 4075 1088 4136 et
1110 4068 1208 4154 gravi

431 4182 565 4251 Malvaa
586 4182 736 4250 salubres
759 4182 889 4270 corpori

387 4293 453 4362 Vel
475 4317 564 4381 agna
585 4293 682 4362 festis
703 4315 802 4362 caesa
822 4290 1065 4360 Terminalibus

431 4404 497 4473 Vel
517 4405 643 4473 haedus
666 4411 801 4495 ereptus
822 4405 908 4493 lupo.

386 4517 461 4584 Has
483 4517 572 4585 inter
594 4517 710 4605 epulas
732 4521 771 4584 ut
791 4517 888 4583 iuvat
908 4521 1024 4604 pastas
1046 4537 1126 4582 oves

432 4627 555 4695 Videre
578 4633 797 4717 properantes
820 4627 959 4707 domum,

387 4739 514 4808 Videre
534 4740 640 4808 fessos
664 4761 830 4807 vomerem
851 4739 1019 4806 inversum
1039 4739 1143 4806 boves
1206 4809 1208 4812 ,

433 4849 525 4920 Collo
547 4851 722 4920 trahentes
743 4848 911 4936 languido,
