3562 5456
884 737 928 811 V.

466 890 548 974 Quis
569 891 675 958 multa
697 891 832 978 gracilis
854 897 889 958 te
913 913 996 980 puer
1016 893 1051 960 in
1072 917 1150 961 resa

464 1003 624 1070 Perfusus
646 1003 782 1093 liquidis
805 1009 928 1090 urguet
949 1004 1104 1072 odoribus

508 1114 624 1196 Grato,
646 1115 788 1204 Pyrrha,
811 1117 871 1183 sub
895 1119 1015 1184 antro?

552 1225 614 1295 Oui
634 1229 756 1296 flavam
778 1229 902 1315 religas
924 1253 1057 1310 emnem,

467 1417 615 1506 Simplex
642 1417 839 1486 munditiis?
881 1419 958 1486 Heu
987 1419 1139 1508 quotiens
1167 1419 1265 1486 fidem

465 1529 678 1619 Mutatosque
700 1528 779 1597 deos
799 1529 894 1597 flebit
916 1537 952 1598 et
973 1553 1093 1621 aspera

508 1641 625 1729 Nigris
645 1663 789 1732 aequora
811 1642 922 1710 ventis

551 1753 757 1823 Emirabitur
776 1755 929 1837 insolens,

467 1943 532 2026 Qui
551 1967 638 2012 nune
659 1950 694 2011 te
717 1944 842 2012 fruitur
864 1944 1017 2012 credulus
1040 1969 1151 2027 aurea,

469 2055 534 2138 Qui
556 2078 686 2146 semper
704 2080 852 2138 vacuam,
872 2081 1002 2146 semper
1024 2059 1198 2126 amabilem

510 2167 639 2257 Sperat,
661 2170 792 2238 neseius
815 2193 916 2238 aurae

551 2281 703 2350 Fallaeis
747 2282 871 2364 Miseri
894 2283 1012 2372 quibus

467 2473 675 2561 Intemptata
697 2472 793 2540 nites.
836 2473 891 2539 Me
913 2473 1030 2540 tabula
1054 2495 1147 2540 sacer

467 2583 594 2652 Votiva
616 2583 728 2672 peries
750 2584 878 2653 indicat
899 2585 1001 2653 uvida

511 2695 730 2785 Suspendisse
752 2697 884 2784 potenti

552 2807 763 2876 Vestimenta
784 2809 885 2877 maris
907 2809 978 2876 dee.

875 3246 940 3324 VI.

469 3403 631 3472 Scriberis
653 3403 756 3472 Vario
778 3404 876 3471 fortis
898 3409 934 3470 et
954 3403 1099 3472 hostium

468 3514 595 3597 Victor,
616 3515 762 3584 Maeonii
785 3516 938 3583 earminie
962 3516 1068 3597 *alite

471 3627 577 3710 Quam
598 3650 668 3696 rem
691 3650 828 3718 eumque
849 3619 944 3694 ferei
963 3627 1102 3694 navibus
1124 3635 1183 3696 ant
1207 3629 1299 3718 equis

511 3739 610 3808 Miles
630 3747 664 3808 te
685 3741 768 3808 duee
790 3740 940 3826 gesserit

470 3929 553 4011 Nos,
575 3929 742 4019 Agrippa,
772 3951 878 4020 neque
907 3930 989 3996 haee
1018 3929 1128 3996 dicere
1148 3951 1209 3998 nee
1232 3951 1368 4016 gravem

469 4041 608 4109 Pelidae
631 4043 835 4110 stomachum
854 4042 971 4110 cedere
994 4041 1096 4108 neseii
1383 4047 1387 4060 “

469 4153 541 4222 Nee
562 4177 676 4222 aursus
698 4153 840 4243 duplicis
863 4176 924 4242 per
945 4175 1035 4221 mere
1058 4153 1171 4221 Vlixei

511 4264 583 4334 Nee
603 4287 739 4334 saevam
760 4265 893 4356 Pelopis
916 4265 1046 4334 domum

471 4455 647 4538 Conamur,
669 4460 788 4523 tenues
810 4454 963 4542 grandia,
986 4454 1063 4522 dum
1084 4455 1191 4543 pudor

469 4567 671 4656 inbellisque
693 4567 788 4656 lyrae
811 4567 907 4634 Musa
926 4573 1047 4656 potens
1068 4572 1164 4634 vetat

470 4679 604 4746 Laudes
627 4679 755 4766 egregii
778 4677 933 4746 Caesaris
955 4685 989 4746 et
1009 4685 1086 4746 tuas

513 4789 619 4879 Culpa
639 4791 791 4858 deterere
813 4790 935 4878 ingeni
