3566 5460
763 469 880 532 LIBER
900 471 936 532 II.

458 654 665 744 Quamquam
686 655 814 722 choreis
839 656 950 745 aptior
972 661 1007 722 et
1028 654 1109 723 iocis

458 766 617 856 Ludoque
642 767 771 835 ldictus
794 792 859 835 non
881 773 936 835 sat
958 767 1096 834 idoneus

499 878 638 966 Pugnae
661 880 839 964 ferebaris;
862 880 1028 946 sedidem

543 991 641 1058 Pacis
664 1015 738 1058 eres
760 992 951 1081 mediusque
971 992 1059 1058 belli.

457 1147 505 1212 Te
528 1147 615 1212 vidit
637 1147 749 1212 insons
773 1145 937 1212 Cerberus
961 1169 1061 1214 aureo

459 1256 570 1325 Cornu
591 1258 754 1338 decorum,
776 1258 898 1324 leniter
922 1263 1072 1325 atterens

502 1368 658 1450 Caudem,
680 1374 715 1435 et
736 1369 925 1436 recedentis
946 1368 1100 1456 trilingui

544 1481 609 1548 Ore
630 1481 735 1569 pedes
756 1481 938 1571 tetigitque
961 1504 1065 1548 crura

747 1647 947 1656 ——uss-—n—

805 1739 890 1814 XX.

457 1891 534 1958 Non
554 1891 683 1960 usitata
703 1915 763 1960 nec
785 1894 880 1960 tenui
901 1893 993 1960 ferar

456 2002 565 2072 Pinna
585 2005 735 2071 biformis
756 2006 1002 2095 perliquidum
1024 2005 1162 2072 aethera

500 2115 617 2192 Vates,
640 2139 748 2207 neque
771 2118 804 2184 in
828 2119 930 2184 terris
952 2118 1106 2185 morabor

542 2228 692 2316 Longius
713 2229 906 2320 invidiaque
928 2230 1035 2298 maior

457 2382 565 2449 Vrbes
588 2383 780 2473 relinquam.
824 2383 899 2452 Non
920 2406 991 2472 ego,
1013 2406 1194 2473 pauperum

459 2491 601 2581 Sanguis
623 2503 809 2585 pareutum,
836 2519 899 2562 non
921 2518 991 2583 ego,
1016 2498 1129 2586 *quem
1151 2519 1260 2578 vocas,

500 2606 633 2674 Dilecto
656 2607 841 2688 Maecenas,
862 2607 957 2674 obibo

542 2717 614 2786 Nec
637 2717 759 2807 Stygia
782 2719 957 2786 cohibebor
975 2719 1073 2787 unda.

459 2871 542 2960 [lam
564 2875 631 2942 iam
652 2874 805 2942 residunt
827 2875 978 2941 cruribus
998 2895 1136 2962 asperae

459 2983 576 3066 Pelles
599 2993 634 3052 et
654 2985 766 3053 album
786 2991 898 3052 mutor
918 2986 953 3052 in
973 2985 1087 3052 alitem

502 3096 658 3186 Superne,
678 3105 925 3187 nascunturque
946 3098 1038 3164 leves

545 3208 611 3276 Per
634 3208 759 3296 digitos
781 3229 976 3299 umerosque
995 3207 1148 3296 plumae]

460 3363 531 3430 Iam
555 3363 728 3430 Daedaleo
750 3364 856 3430 tutior
874 3363 970 3430 Icaro

459 3473 573 3542 Visam
594 3475 758 3561 gementis
780 3475 881 3542 litora
904 3474 1069 3562 Bosphori

503 3585 689 3676 Syriaeque
713 3585 878 3654 Gaetulas
900 3609 1040 3654 canorus

547 3697 631 3766 Ales
653 3697 954 3788 Hyperboreosque
978 3719 1118 3786 campos.

462 3853 517 3922 Me
540 3851 683 3923 Colchus
706 3859 749 3935 et
773 3853 828 3943 qui
850 3852 1039 3921 dissimulat
1060 3857 1184 3919 metum

459 3964 592 4035 Marsae
616 3965 770 4046 cohortis,
792 3965 905 4032 Dacus
928 3970 964 4031 ct
984 3964 1094 4032 ultimi

503 4076 652 4144 Noscant
675 4076 804 4156 Geloni,
826 4099 877 4143 me
901 4077 1047 4165 †peritus

546 4188 664 4256 Discat
685 4187 791 4256 Hiber
812 4187 1034 4277 Rhodanique
1054 4193 1161 4276 potor.

460 4341 585 4410 Absint
606 4341 697 4409 inani
719 4343 834 4409 funere
857 4343 974 4410 ueniae

461 4453 650 4544 Luctusque
672 4459 789 4542 turpes
810 4460 846 4521 et
867 4453 1108 4544 querimoniae;

504 4565 671 4655 conpesce
697 4566 871 4633 clamorem
894 4589 932 4634 ac
951 4564 1095 4653 sepulcri

546 4677 647 4745 Mitte
670 4699 893 4767 supervacuos
913 4676 1062 4745 honores.
