3566 5460
806 783 907 858 XVI.

489 937 518 1004 O
539 945 645 1005 matre
667 937 806 1026 pulchro
826 938 897 1004 tilia
919 938 1095 1027 pulchrior,

489 1049 594 1132 Quem
617 1049 801 1117 criminosis
825 1071 960 1139 eumque
983 1050 1076 1118 voles
1098 1051 1229 1119 modum

530 1162 639 1229 Pones
660 1161 787 1242 iambis,
808 1163 878 1228 sive
900 1161 1032 1229 flamma

574 1273 652 1341 Sive
674 1274 758 1342 mari
779 1274 863 1341 libet
886 1273 1065 1342 Hadriano.

489 1463 564 1532 Non
587 1465 807 1554 Dindymene,
829 1489 895 1532 non
918 1465 1032 1554 adytis
1053 1465 1163 1554 quatit

487 1575 634 1644 Mentem
656 1576 864 1644 sacerdotum
885 1578 993 1644 incola
1014 1577 1168 1665 Pythius,

530 1688 606 1757 Non
629 1687 867 1779 Liberaeque,
889 1713 955 1756 non
977 1695 1078 1757 eoute

574 1799 611 1868 Si
633 1801 804 1888 geminant
826 1799 1038 1890 Corybantes
1061 1823 1146 1882 aera,

489 1989 618 2058 Tristes
639 1995 679 2058 ot
700 1991 778 2072 irae,
801 2013 883 2081 ques
904 2013 1011 2080 neque
1031 1990 1174 2058 Noricus

489 2101 650 2170 Deterret
672 2103 761 2170 ensis
783 2125 845 2170 neo
867 2125 957 2170 mare
979 2103 1177 2191 naufragum

532 2213 603 2283 Neo
626 2237 746 2283 saevus
768 2215 857 2301 ignis
878 2237 939 2284 neo
961 2215 1133 2283 tremendo

574 2326 727 2416 Iuppiter
748 2327 819 2416 ipse
841 2350 941 2395 ruens
962 2328 1117 2400 tumultu.

491 2515 613 2585 Fertur
634 2516 853 2585 Prometheus
877 2517 1001 2586 addere
1022 2518 1165 2607 principi

491 2628 586 2696 Limo
608 2635 743 2698 ooaotus
764 2630 964 2718 particulam
986 2630 1131 2720 undique

533 2741 711 2808 Desertam
733 2747 769 2809 et
790 2742 898 2810 insani
920 2743 1026 2810 leonis

575 2853 651 2922 Vim
674 2854 843 2922 stomacho
868 2855 1062 2942 adposuisse
1086 2860 1207 2921 nostro.

490 3043 565 3110 Irae
588 3041 759 3131 Thyesten
783 3043 887 3111 exitio
910 3045 1006 3130 gravi

491 3153 648 3222 Stravere
671 3163 706 3222 et
727 3155 806 3222 altis
828 3157 965 3222 urbibus
984 3156 1122 3223 ultimae

533 3265 665 3334 Stetere
689 3290 815 3349 causae,
839 3291 896 3334 our
916 3269 1067 3356 perirent

575 3377 740 3446 Funditus
762 3380 1020 3470 inprimeretque
1042 3379 1144 3446 muris

490 3567 621 3636 Hostile
645 3573 794 3636 aratrum
816 3569 982 3636 exereitus
1003 3568 1157 3636 insolens.

492 3679 659 3770 Conpesoe
681 3687 839 3770 mentem:
861 3703 912 3748 me
936 3703 1065 3770 quoque
1088 3680 1233 3769 pectoris

533 3791 726 3882 Temptavit
746 3793 782 3860 iu
803 3792 891 3860 dulei
913 3793 1049 3860 iuventa

576 3905 705 3973 Feruor
726 3911 761 3972 et
782 3905 818 3972 in
840 3905 964 3972 eeleres
985 3905 1111 3972 iambos

491 4093 586 4160 Misit
605 4095 785 4180 furentem
808 4118 894 4162 nune
917 4116 979 4182 ego
1001 4094 1136 4162 mitibus

491 4205 622 4274 Mutare
645 4227 768 4296 quaero
789 4207 910 4287 tristia„
933 4207 1010 4274 dum
1029 4207 1111 4273 mihi

534 4317 613 4387 Fies
634 4319 817 4386 reoantntis
840 4319 946 4387 omioa

577 4429 772 4520 Opprobriis
794 4431 999 4520 animumque
1023 4430 1154 4498 reddas.
