3566 5460
930 439 1135 505 OARMINVM

663 625 832 715 Suspiret:
855 625 962 708 ‘eheu
986 650 1027 694 ne
1049 628 1142 694 rudis
1164 629 1331 714 agminum

663 737 809 828 Sponsus
830 739 974 807 laoessat
995 740 1108 826 regius
1130 761 1284 828 asperum

705 851 813 918 Taotu
835 851 972 933 leonem,
995 874 1091 941 quem
1114 857 1253 919 eruenta

746 962 813 1030 Per
834 963 962 1031 medias
983 963 1075 1053 repit
1095 964 1147 1030 ira
1168 959 1301 1030 eaedes'

662 1118 769 1185 Dulee
792 1124 829 1184 et
850 1118 1040 1187 decorumst
1060 1141 1121 1206 pro
1145 1117 1258 1208 patria
1279 1118 1371 1184 mori

661 1229 754 1296 Mors
778 1235 813 1296 et
833 1229 987 1316 fugacem
1008 1231 1222 1319 persequitur
1244 1230 1353 1298 virum

705 1341 777 1408 Neo
795 1343 906 1429 paruit
928 1342 1061 1408 inbellis
1082 1339 1240 1409 iuventae

658 1525 665 1542 ‚
746 1453 933 1543 Poplitibns
953 1453 1137 1544 timidoque
1159 1459 1264 1541 tergo.

661 1608 788 1689 Virtus,
809 1609 964 1697 repulsae
987 1608 1099 1678 neseio
1121 1607 1285 1689 sordidae,

662 1720 876 1788 Inteminatis
897 1721 1006 1808 fulget
1028 1719 1206 1788 honoribus

706 1831 778 1900 Neo
801 1833 902 1900 sumit
923 1839 984 1900 aut
1004 1833 1100 1921 ponit
1122 1854 1254 1900 secures

748 1944 902 2012 Arbitrio
924 1944 1096 2033 popularis
1118 1965 1227 2012 aurae.

662 2097 789 2180 Virtus,
812 2099 987 2166 recludens
1009 2099 1174 2166 inmeritis
1196 2099 1279 2165 mori

664 2209 809 2292 Caelum,
832 2216 958 2297 negata
979 2216 1126 2298 temptat
1146 2211 1212 2277 iter
1234 2210 1298 2290 vie,

707 2321 896 2412 Coetusque
919 2324 1075 2409 volgares
1097 2329 1133 2389 et
1154 2321 1254 2389 udam

750 2434 887 2524 Spernit
909 2435 1043 2502 humum
1065 2435 1215 2520 fugiente
1237 2433 1348 2522 pinna.

663 2589 728 2656 Est
752 2595 787 2656 et
807 2589 900 2656 fideli
922 2595 998 2656 tuta
1021 2589 1155 2656 silentio

663 2700 807 2768 Merces:
830 2701 960 2781 vetabo,
983 2701 1041 2790 qui
1063 2699 1195 2766 Cereris
1219 2722 1348 2766 suerum

706 2811 864 2899 Volgsnit
885 2833 1035 2892 areanae,
1058 2812 1118 2878 sub
1140 2810 1245 2878 isdem

750 2921 804 2991 Sit
823 2925 974 2992 trabibus
995 2923 1213 3013 fragilemque
1234 2945 1361 2990 meeum

664 3076 782 3145 Solvet
801 3079 977 3166 phaselon3
1004 3101 1104 3166 saepe
1127 3079 1300 3166 Diespiter

665 3189 849 3276 Negleotus
872 3191 1000 3258 inoesto
1024 3190 1156 3258 addidit
1179 3191 1355 3276 integrum,

707 3301 799 3369 Raro
823 3303 1075 3370 antecedentem
1098 3302 1274 3370 scelestum

751 3414 913 3482 Deseruit
933 3414 1019 3504 pede
1041 3414 1152 3481 Poena
1174 3412 1299 3480 claudo.

1001 3784 1070 3860 III.

665 3933 796 4005 Iustum
818 3944 853 4004 et
874 3945 1025 4005 tenaoom
1046 3937 1210 4027 propositi
1230 3937 1339 4004 virum

664 4048 740 4116 Non
761 4050 883 4116 civium
906 4049 1005 4116 ardor
1025 4071 1131 4137 prava
1153 4047 1345 4130 iubentium,

707 4160 784 4227 Non
806 4161 919 4228 voltus
941 4161 1101 4229 instantis
1122 4163 1261 4249 tyranni

749 4271 865 4340 Mente
887 4273 996 4362 quatit
1017 4273 1126 4340 solida
1147 4294 1253 4362 neque
1275 4273 1412 4354 Auster,

666 4425 744 4492 Dux
763 4427 904 4516 inquieti
926 4426 1080 4494 turbidus
1102 4425 1260 4510 Hadriae,

665 4536 736 4605 Neo
757 4537 965 4606 fulminantis
987 4561 1109 4624 magna
1131 4535 1264 4606 lmanus
1286 4539 1392 4622 Iovis;

708 4647 744 4716 Si
766 4649 894 4717 fruetus
915 4650 1085 4718 inlabatur
1106 4651 1203 4728 orbis,

749 4759 948 4850 Inpavidum
970 4762 1095 4830 ferient
1115 4764 1239 4830 ruinae.
