3526 5468
926 457 1082 522 EPODON

485 645 582 735 Inpia
600 645 774 734 perdemus
794 644 908 714 devoti
929 644 1101 732 sanguinis
1123 649 1223 728 aetas,

528 757 689 847 Ferisque
710 781 825 826 rursus
847 758 1062 846 occupabitur
1084 756 1196 825 solum

487 870 654 938 Barbarus
675 871 741 939 heu
763 870 891 938 cineres
913 869 1048 938 insistet
1069 869 1178 937 vietor
1200 874 1236 935 et
1256 870 1371 936 urbem

528 983 641 1072 Eques
662 989 802 1051 sonante
824 983 1015 1051 verberabit
1035 981 1169 1068 ungula,

487 1094 644 1185 Quaeque
667 1100 783 1163 carent
803 1095 915 1163 ventis
936 1101 973 1162 et
994 1095 1118 1162 solibus
1141 1115 1216 1161 ossa
1238 1092 1376 1174 Quirini,

528 1206 633 1275 Nefas
654 1206 785 1275 viderel
816 1207 993 1295 dissipabit
1013 1206 1167 1274 insolens.

486 1318 602 1401 Forte,
625 1320 713 1410 quod
736 1318 906 1409 expediet,
931 1319 1146 1387 communiter
1167 1323 1225 1385 aut
1246 1317 1363 1384 melior
1384 1339 1461 1405 pars

528 1432 628 1500 Malis
650 1454 763 1500 carere
786 1431 949 1523 quaeritis
970 1431 1154 1499 laboribus:

487 1543 590 1612 Nulla
608 1545 655 1613 sit
676 1545 739 1612 beo
761 1544 873 1634 potior
895 1544 1069 1625 sententia,
1092 1542 1316 1612 Phocaeorum

529 1656 633 1725 Velut
655 1657 806 1745 profugit
826 1663 1001 1725 exsecrata
1023 1655 1145 1725 civitas

487 1767 599 1855 Agros
621 1774 723 1858 atque
743 1769 834 1837 lares
856 1769 995 1857 patrios,
1019 1767 1268 1857 habitandaque
1290 1766 1369 1834 fana

530 1879 634 1969 Apris
656 1881 795 1972 reliquit
816 1888 852 1949 et
872 1880 1048 1970 rapacibus
1069 1880 1166 1969 lupis,

487 1993 555 2074 Ire,
581 1993 684 2082 pedes
713 2016 916 2085 quormque
942 1993 1064 2076 ferent,
1093 2014 1294 2084 quocumque
1321 2013 1380 2080 per
1408 1991 1513 2058 undas

531 2104 641 2174 Notus
662 2107 795 2176 vocabit
816 2111 877 2174 aut
899 2111 1076 2194 protervus
1096 2104 1241 2173 Africus.

489 2215 544 2285 Sic
565 2218 699 2307 placet?
729 2240 772 2285 an
793 2218 910 2286 melius
934 2217 1007 2308 quis
1030 2217 1132 2285 babet
1153 2216 1317 2284 suadere?
1361 2213 1513 2282 Secunda

531 2329 654 2397 Ratem
676 2352 836 2418 occupare
858 2330 939 2421 quid
961 2352 1127 2398 moramur
1146 2329 1252 2396 alite?

490 2441 556 2510 Sed
575 2442 721 2510 iuremus
742 2443 777 2510 in
798 2442 896 2510 haec:
919 2443 1016 2511 simul
1035 2442 1110 2510 imis
1133 2463 1215 2510 saxa
1235 2440 1386 2508 renarint

530 2554 637 2622 Vadis
659 2556 783 2638 levate,
805 2577 847 2623 ne
870 2556 980 2624 redire
1003 2555 1049 2622 sit
1071 2555 1182 2639 nefas;

489 2665 565 2734 Neu
586 2689 746 2735 conversa
768 2668 898 2736 domum
919 2668 1037 2757 pigeat
1058 2668 1139 2736 dare
1162 2666 1274 2748 lintea,
1297 2666 1428 2756 quando

531 2778 642 2846 Padus
662 2780 792 2848 Matina
812 2780 937 2850 laverit
957 2780 1134 2862 cacumina,

488 2892 528 2958 In
550 2914 640 2959 mare
662 2915 722 2960 seu
744 2893 851 2961 celsus
871 2891 1078 2982 procurrerit
1098 2890 1325 2981 Appenninus,

532 3003 694 3094 Novaque
717 3011 867 3074 monstra
888 3005 1038 3074 iunxerit
1058 3003 1196 3072 libidine

488 3116 594 3184 Mirus
616 3139 716 3199 amor,
738 3118 833 3187 iuvet
853 3125 893 3186 ut
914 3117 1020 3206 tigres
1043 3117 1213 3186 subsidere
1236 3117 1352 3199 cervis,

531 3228 755 3298 Adulteratur
776 3237 814 3298 et
835 3232 985 3300 columba
1006 3230 1115 3312 miluo,

490 3339 635 3410 Credula
654 3364 715 3412 neo
735 3365 837 3412 ravos
858 3343 1000 3412 timeant
1023 3346 1176 3410 armenta
1197 3342 1318 3426 leones,

531 3453 699 3545 Ametque
721 3455 810 3524 salsa
830 3455 916 3524 levis
937 3456 1051 3524 hircus
1073 3476 1226 3546 aequora

491 3565 586 3636 Haeo
608 3573 644 3635 et
666 3589 749 3657 quae
770 3572 931 3657 poterunt
948 3567 1079 3635 reditus
1100 3567 1294 3636 abscindere
1317 3566 1430 3636 dulces

531 3679 655 3748 Eamus
677 3679 782 3748 omnis
804 3685 977 3748 exsecrata
998 3679 1127 3762 civitas,

489 3790 562 3859 Aut
583 3815 662 3881 pars
683 3791 819 3860 indocili
840 3791 957 3860 melior
978 3814 1096 3880 grege;
1124 3789 1232 3860 mollis
1254 3797 1290 3859 et
1312 3813 1430 3882 exspes

532 3904 719 3972 Inominata
741 3904 923 3994 perprimet
944 3903 1073 3973 cubilia

490 4015 567 4098 Vos,
590 4016 707 4106 quibus
729 4022 783 4086 est
804 4017 922 4098 virtus,
943 4016 1137 4084 muliebrem
1157 4016 1268 4085 tollite
1290 4017 1423 4098 luctum,

533 4129 679 4196 Etrusca
698 4134 835 4218 praeter
854 4134 890 4196 et
908 4129 1020 4198 volate
1042 4129 1153 4196 litora.

491 4240 561 4309 Nos
582 4246 695 4309 manet
716 4239 868 4310 Oceanus
890 4243 1012 4311 circum
1033 4263 1139 4328 vagus
1161 4264 1243 4310 arva
1263 4243 1370 4309 beata

533 4353 692 4422 Petamus
713 4353 792 4436 alta,
814 4353 937 4422 divites
958 4361 995 4421 et
1016 4353 1150 4434 insulas,

492 4465 621 4533 Reddit
642 4465 699 4534 nbi
721 4486 867 4534 cererem
889 4465 991 4532 tellus
1012 4465 1147 4534 inarata
1168 4465 1351 4555 quotannis,

533 4577 582 4644 Et
601 4578 757 4667 inputata
778 4578 877 4645 floret
896 4599 999 4667 usque
1019 4578 1125 4659 vinea,

494 4688 670 4757 Germinat
691 4695 727 4757 et
747 4711 924 4781 numquam
944 4688 1093 4758 fallentis
1115 4695 1239 4758 termes
1260 4689 1377 4770 olivae,

534 4799 702 4892 Suemque
722 4803 815 4892 prdie
835 4803 918 4872 ficus
939 4809 1038 4872 ornat
1060 4802 1218 4886 arborem,
