3526 5468
764 429 879 490 LIBER
900 431 965 490 1111.

494 613 569 680 Non
590 613 701 702 hydra
722 621 813 682 secto
836 635 973 704 corpore
996 615 1121 682 firmior

494 724 593 794 Vinci
616 725 782 793 dolentem
805 727 913 794 oravit
933 727 968 794 in
990 727 1176 808 Herculem,

537 836 764 906 Monstrumve
787 839 968 907 submisere
991 837 1105 907 Colchi

579 948 691 1018 Maius
711 948 939 1019 Echioniaeve
962 951 1107 1020 Thebae.

494 1103 622 1172 Marses
643 1105 815 1194 prohmda
836 1106 1006 1196 pulchrior
1027 1107 1139 1192 exilit;

493 1216 646 1298 Luctare,
668 1218 774 1286 multa
796 1219 927 1307 proruit
947 1219 1115 1306 intagmm

537 1327 620 1396 Cum
642 1329 741 1397 laude
763 1329 926 1398 victorem
948 1331 1101 1420 geritque

579 1439 715 1510 Proelia
736 1443 931 1530 coniugibus
955 1443 1129 1533 loquenda

494 1595 700 1684 Karthagini
721 1598 787 1666 iam
813 1622 879 1666 non
902 1620 964 1686 ego
986 1598 1121 1668 nuntios

494 1707 627 1776 Mittam
649 1711 824 1798 superbos:
850 1709 981 1792 occidit,
1004 1710 1126 1778 occidit

536 1819 621 1912 Spes
643 1821 748 1890 omnis
771 1829 806 1891 et
827 1823 962 1891 fortuna
981 1824 1089 1891 nostri

579 1933 732 2002 Nominis
753 1933 964 2003 Hasdrubale
986 1931 1207 2025 interempto.'

494 2087 552 2154 Nil
576 2087 736 2157 Claudiae
758 2113 823 2158 non
844 2090 1023 2179 perficiunt
1044 2114 1169 2174 manus,

495 2199 585 2282 Quas
607 2208 643 2269 et
663 2201 806 2289 benigno
828 2201 961 2270 numine
982 2202 1135 2292 Iuppiter

537 2312 699 2382 Defendit
721 2319 756 2380 et
778 2336 877 2382 curae
899 2337 1039 2400 sagaces

578 2425 774 2515 Expediunt
795 2447 856 2516 per
879 2434 977 2495 acuta
998 2427 1087 2494 belli.

842 2788 886 2863 V.

416 3002 421 3010 .
494 2942 592 3010 Divis
614 2947 687 3008 orte
708 2943 812 3024 bonis,
834 2943 958 3032 optime
980 2943 1143 3010 Romulae

494 3052 615 3121 Custos
637 3052 757 3140 gentis,
780 3055 860 3121 ebes
881 3055 947 3122 iam
969 3055 1106 3122 nimium
1128 3055 1200 3142 diu;

493 3165 665 3234 Moturum
685 3165 832 3234 reditum
853 3167 1023 3254 pollicitus
1045 3173 1179 3258 patrum

537 3275 659 3346 Sancto
682 3277 818 3346 consilio
839 3277 922 3345 redi.

493 3433 615 3501 Lucem
637 3431 740 3501 redde
762 3437 851 3515 tuae,
874 3433 940 3500 dux
962 3435 1054 3516 bone,
1076 3435 1226 3524 patriae:

493 3545 606 3612 Instar
627 3543 718 3613 veris
740 3545 827 3612 enim
848 3546 961 3614 voltus
981 3547 1039 3613 ubi
1059 3553 1140 3615 tuns

493 3655 645 3724 Adiulsit
666 3656 797 3745 populo,
820 3657 951 3744 gratior
972 3658 1002 3725 it
1022 3657 1094 3726 dies

534 3768 583 3835 Et
604 3768 691 3836 soles
712 3769 831 3837 melius
852 3770 971 3838 nitent

494 3930 542 3999 Vt
561 3938 669 4000 mater
689 3933 852 4016 iuvenem,
875 3956 972 4024 quem
992 3934 1102 4004 Notus
1124 3936 1238 4004 invido

493 4043 595 4112 Flatu
617 4043 793 4134 Carpathii
814 4052 910 4114 trans
931 4047 1032 4116 maris
1055 4068 1200 4137 aequora

495 4153 714 4224 Cunctantem
735 4157 846 4246 spatio
866 4159 998 4247 longius
1021 4181 1129 4227 annuo

535 4266 635 4336 Duloi
657 4268 800 4337 distinet
822 4271 860 4337 ia
882 4270 987 4352 domo,

494 4429 592 4498 Votis
614 4431 839 4522 ominibusque
861 4439 897 4501 et
918 4433 1071 4523 precibus
1092 4441 1198 4518 vocat,

494 4539 603 4610 Curvo
623 4565 684 4611 neo
705 4544 823 4612 faciem
843 4544 943 4613 litore
967 4545 1129 4615 dimovet:

494 4652 550 4722 Sic
572 4653 748 4724 desideriis
769 4657 838 4725 iota
858 4657 1012 4726 fidelibus

536 4765 677 4850 Quaerit
698 4770 811 4858 patria
832 4768 1018 4842 Gaesarem
