3566 5460
772 437 890 500 LIBER
912 428 961 500 Ill.

447 621 555 712 Atoui
575 622 740 689 sollicitae
762 623 898 690 nuntius
919 623 1081 710 hospitae,

448 732 623 822 Suspirare
649 733 775 802 Chloen
797 740 833 800 et
853 733 1008 800 miseram
1028 733 1098 801 tuis

490 846 614 914 Dicens
637 847 769 933 ignibus
791 847 851 927 uri,

533 959 692 1048 Temptat
713 959 804 1026 mille
827 960 922 1026 vafer
944 957 1057 1026 modis.

448 1111 496 1180 Vt
521 1110 679 1180 Proetum
701 1111 820 1180 mulier
841 1111 969 1201 perfida
991 1112 1160 1182 credulum

446 1224 557 1292 Falsis
579 1225 740 1312 inpulerit
762 1225 953 1292 criminibus
975 1225 1073 1292 nimis

491 1335 593 1404 Casto
616 1337 896 1426 Bellerophontae

532 1447 702 1516 Maturare
724 1470 838 1516 necem
859 1450 982 1533 refert;

447 1601 577 1670 Narrat
597 1625 703 1692 paene
727 1603 842 1671 datum
864 1603 966 1670 Pelea
987 1603 1140 1684 Tartaro,

446 1713 659 1801 Magnessam
680 1715 888 1804 Hippolyten
913 1715 991 1782 dum
1013 1716 1103 1802 fugit
1125 1715 1313 1800 abstinens;

489 1825 537 1893 Et
558 1849 695 1916 peccare
719 1827 875 1894 docentes

533 1937 653 2006 Fallax
675 1938 832 2006 historias
854 1945 974 2005 movet.

446 2093 605 2160 Frustra:
628 2117 705 2161 uam
726 2093 870 2182 scopulis
893 2093 1024 2160 surdior
1046 2093 1135 2160 Icari

447 2203 556 2272 Voces
577 2205 673 2272 audit
695 2205 802 2272 adhuc
822 2205 962 2292 integer.
1005 2204 1056 2271 At
1077 2205 1141 2272 tibi

490 2315 542 2384 Ne
565 2316 694 2384 vicinus
715 2316 865 2406 Enipeus

533 2427 613 2495 Plus
636 2429 725 2496 iusto
747 2429 881 2517 placeat
903 2451 997 2512 cave;

449 2583 608 2666 Quamvis
630 2608 694 2651 non
717 2583 802 2651 elius
823 2584 957 2652 flectere
981 2606 1101 2673 equum
1123 2583 1231 2651 sciens

446 2694 565 2785 Aeque
589 2696 790 2784 conspicitur
813 2696 961 2784 gramine
984 2695 1108 2762 Martio

492 2807 562 2874 Neo
585 2807 758 2898 qrdsquam
780 2808 866 2875 citus
889 2829 992 2897 aeque

533 2917 640 2985 Tusco
663 2919 803 2986 denatat
824 2919 929 2986 alveo.

448 3072 561 3140 Prima
583 3077 680 3140 nocte
702 3072 833 3140 domum
856 3073 972 3142 claude
995 3095 1100 3160 neque
1123 3073 1158 3138 in
1179 3071 1253 3140 vias

449 3183 517 3251 Sub
539 3189 641 3252 cantu
663 3185 821 3274 querulae
844 3185 976 3274 despice
997 3184 1102 3252 tibiae

490 3295 538 3362 Et
558 3303 594 3363 te
618 3318 718 3385 saepe
741 3297 876 3365 vocanti

532 3407 658 3476 Duram
682 3407 828 3475 difficilis
850 3430 953 3475 mane.

756 3623 960 3635 ——n—

781 3769 888 3846 VIII.

448 3921 581 3990 Martiis
605 3923 735 3990 caelebs
758 3921 838 4012 quid
860 3945 956 4009 agam
979 3921 1141 4004 kalendis,

449 4033 537 4117 Quid
559 4034 668 4102 velint
689 4035 788 4102 flores
811 4040 847 4101 et
869 4055 985 4102 acerra
1006 4034 1093 4100 turis

447 4145 552 4213 Plena
573 4147 706 4214 miraris
727 4147 919 4236 positusque
943 4145 1042 4213 carbo
1064 4145 1100 4211 in
1182 4169 1184 4172 ·

491 4257 625 4348 Cespite
646 4258 732 4338 vivo,

448 4422 556 4490 Docte
578 4443 746 4489 sermones
767 4421 941 4510 utriusque
964 4420 1120 4506 linguae?

446 4531 614 4602 Voveram
636 4533 749 4602 dulces
772 4533 886 4622 epulas
909 4538 945 4600 et
966 4531 1078 4599 album

446 4643 570 4714 Libero
593 4669 729 4735 caprum
749 4667 852 4734 prope
873 4645 1048 4712 funeratus

489 4757 631 4827 Arboris
654 4759 731 4825 ictu
