3566 5460
1003 737 1070 811 XI.

648 888 737 971 Quid
758 889 936 956 bellicosus
959 887 1126 956 Cantaber
1149 894 1184 955 et
1206 888 1357 976 Scythes,

646 1001 788 1088 Hirpine
811 999 936 1082 Quinti,
959 1000 1086 1087 cogitet
1107 1000 1236 1068 Hadria

689 1112 828 1181 Divisae
849 1113 987 1192 obiecto,
1010 1113 1164 1180 remittas

734 1223 902 1306 Quaerere
925 1247 987 1291 nee
1007 1224 1157 1313 trepides
1179 1225 1213 1290 in
1235 1249 1331 1292 usum

646 1413 820 1482 Poscentie
842 1414 916 1480 aevi
938 1435 1058 1501 paueat
1079 1414 1168 1500 fugit
1190 1420 1282 1480 retro

648 1525 749 1592 Levis
770 1525 925 1592 iuventae
946 1531 981 1592 et
1004 1525 1103 1592 decor
1125 1525 1219 1592 arida

689 1636 843 1704 Pallante
864 1637 1005 1704 lascivos
1028 1659 1156 1704 amores

734 1747 866 1815 Canitie
888 1749 1082 1838 facilemque
1106 1771 1261 1816 somnum.

648 1937 724 2005 Non
746 1960 875 2027 semper
896 1939 984 2006 idem
1005 1939 1141 2006 floribus
1164 1943 1216 2006 est
1237 1939 1342 2006 honor

647 2050 778 2131 Vernis,
800 2072 906 2140 neque
926 2075 992 2116 uno
1015 2051 1093 2118 luna
1115 2052 1237 2118 rubens
1259 2051 1346 2117 nitet

690 2161 809 2229 Vultu:
832 2163 912 2250 quid
933 2163 1080 2230 aeternis
1101 2163 1261 2230 minorem

734 2272 889 2342 Consiliis
912 2275 1057 2341 animum
1077 2275 1226 2360 fatiges?

649 2460 717 2529 Cur
737 2486 802 2529 non
826 2463 885 2530 sub
908 2462 978 2530 elta
997 2463 1054 2530 vel
1073 2464 1209 2552 platano
1231 2462 1286 2529 vel
1307 2463 1368 2528 hae

647 2573 735 2641 Pinu
756 2575 903 2641 iacentes
928 2575 975 2642 eie
996 2581 1121 2642 temere
1144 2580 1179 2641 et
1199 2596 1276 2641 rosa

691 2683 826 2752 Cinetos
849 2686 981 2753 odorati
1002 2685 1148 2775 capillos,
1188 2729 1196 2746 ·

734 2797 822 2864 Dum
845 2797 933 2878 licet,
959 2795 1170 2887 Assyrioque
1192 2797 1294 2864 nardo

647 2985 805 3053 Petamus
827 2986 944 3053 uueti‘?
988 2986 1142 3074 Dissipat
1164 2985 1293 3052 Euhius

648 3095 754 3164 Cures
777 3099 904 3164 ederes.
949 3097 1031 3178 Quis
1053 3119 1136 3184 puer
1158 3097 1248 3164 ocius

690 3209 893 3296 Restinguet
916 3208 1066 3276 ardentis
1088 3207 1223 3275 Falerni

732 3320 857 3388 Pocula
877 3327 1113 3409 praetereunte
1134 3321 1298 3411 lympha?

647 3509 730 3591 Quis
753 3509 885 3578 devium
907 3513 1053 3576 scortum
1075 3509 1188 3577 eliciet
1209 3510 1305 3578 demo

646 3620 792 3709 Lyden?
836 3620 981 3701 Eburna
1005 3620 1058 3688 die
1080 3643 1151 3708 ege,
1175 3644 1248 3689 enm
1268 3621 1346 3710 lyra

688 3731 846 3812 Maturet,
866 3733 1066 3821 incomptam
1089 3732 1263 3800 Lacaenae

732 3843 826 3911 More
849 3867 974 3913 eomam
994 3844 1141 3931 religata
1162 3844 1256 3911 nodo.

993 4271 1079 4347 XII.

645 4425 741 4492 Nolis
763 4426 865 4511 longa
884 4425 974 4492 ferae
996 4425 1084 4491 bella
1104 4424 1306 4494 Numantiae

645 4536 716 4603 Nee
737 4537 844 4602 dirum
866 4535 1086 4603 Hannibalem
1109 4558 1168 4603 nee
1190 4537 1338 4605 Siculum
1357 4563 1447 4607 mare

644 4648 755 4714 Poeno
779 4669 980 4735 purpureum
1001 4648 1163 4733 sanguine
1185 4650 1338 4718 mollibus

687 4756 812 4847 Aptari
834 4758 982 4826 citharae
1003 4759 1118 4840 modis,
