3566 5460
803 463 921 526 LIBER
941 464 963 523 1.

520 651 676 720 Dissolve
698 650 807 736 frigus
828 651 922 737 ligna
943 672 1043 738 snper
1064 650 1137 718 foco

521 764 633 850 Largo
656 784 820 851 reponens
842 767 943 852 atque
965 761 1143 848 benignius

562 877 729 964 Deprome
752 873 958 964 quadrimum
980 873 1112 954 Sabina,

606 987 634 1054 Ο
655 985 865 1068 Thaliarche,
887 1007 1013 1054 merum
1036 985 1138 1054 diota.

519 1159 683 1230 Permitte
706 1159 795 1228 divis
819 1165 947 1242 oetera;
970 1158 1027 1249 qui
1049 1159 1146 1228 simul

521 1273 679 1342 Stravere
701 1276 821 1339 ventos
842 1293 985 1360 aequore
1006 1270 1137 1340 fervido

561 1384 827 1474 Deproeliantee,
849 1405 910 1451 nee
932 1384 1084 1472 cypressi

604 1497 677 1566 Nec
698 1502 832 1565 veteres
854 1495 1030 1582 agitantur
1043 1495 1133 1565 orni.

520 1669 609 1754 Quid
631 1669 677 1738 sit
697 1669 847 1738 uturum
868 1691 951 1750 crae,
973 1669 1052 1755 inge
1075 1689 1235 1758 quaerere
1258 1674 1294 1736 et

520 1782 625 1867 Quem
647 1780 732 1851 Fors
755 1780 882 1850 dierum
904 1803 1042 1872 cumque
1065 1780 1168 1863 dabit,
1189 1781 1280 1849 lucro

561 1893 704 1984 Adpone
727 1917 789 1962 uec
812 1893 924 1962 dulces
946 1915 1076 1962 amores

605 2005 740 2097 Sperne,
762 2029 853 2095 puer,
878 2028 985 2097 neque
1006 2011 1046 2073 tu
1065 2005 1211 2086 choram,

519 2182 634 2248 Donec
654 2180 779 2248 virenti
801 2178 942 2247 canities
964 2179 1061 2246 abest

518 2293 661 2361 Morosa.
704 2291 802 2360 Nunc
824 2295 860 2359 et
882 2313 1016 2380 campus
1038 2296 1074 2357 et
1098 2312 1196 2358 areae

561 2405 735 2494 Lenesque
758 2404 970 2472 subnectam
992 2403 1119 2470 susurri

604 2513 787 2605 Conposita
807 2520 1006 2605 repetantur
1026 2516 1119 2598 hora,

519 2689 615 2758 Nunc
637 2693 673 2757 et
694 2688 833 2756 latentis
853 2687 1005 2776 proditor
1026 2687 1144 2756 intimo

520 2801 647 2870 Gratus
664 2801 795 2890 puellae
817 2800 904 2868 risus
926 2801 968 2868 ab
991 2799 1114 2886 angulo

560 2912 752 3004 Pignusque
774 2913 948 3001 dereptum
969 2912 1106 2981 lacertis

602 3023 678 3094 Aut
700 3025 807 3112 digito
828 3025 915 3092 mele
936 3024 1110 3113 pertinaci.

859 3337 906 3412 X.

518 3492 664 3560 Mercuri
683 3490 832 3572 facunde,
854 3513 957 3581 nepos
979 3490 1140 3573 Atlantis,

519 3603 585 3687 Qui
607 3605 696 3672 feros
718 3603 827 3672 cultus
848 3603 1015 3670 hominum
1037 3609 1208 3672 recentum

519 3717 608 3784 Voce
630 3715 783 3784 formasti
805 3721 901 3784 catus
924 3721 959 3784 et
982 3715 1121 3784 decorae

560 3829 656 3897 More
677 3827 876 3918 palaestrae,

518 3983 566 4053 Te
589 4007 712 4066 canam,
734 3983 847 4070 magni
868 3983 960 4052 Iovis
983 3987 1019 4052 et
1041 3983 1176 4051 deorum

518 4097 681 4165 Nuntium
704 4117 891 4186 curvaeque
912 4095 1008 4184 lyrae
1030 4101 1212 4185 parentam,

519 4206 692 4290 Callidum,
715 4207 875 4298 quidquid
894 4207 1030 4296 placuit
1051 4208 1160 4276 iocoso

561 4320 711 4391 Condere
733 4319 833 4388 furto.

518 4475 575 4558 Te,
594 4475 698 4544 boves
719 4475 797 4544 olim
818 4475 884 4544 nisi
905 4475 1109 4544 reddidisses

518 4588 585 4656 Per
607 4587 718 4656 dolum
738 4593 875 4668 amotas
896 4610 1036 4678 puerum
1057 4587 1178 4656 minaci

519 4701 609 4770 Vooe
632 4700 710 4768 dnm
731 4705 847 4782 terret
868 4699 989 4769 viduus
1010 4699 1172 4790 pharetra

561 4811 653 4880 Risit
678 4811 808 4902 Apollo.
