3562 5456
798 475 1005 543 CARMINVM

867 768 937 845 III.

489 923 546 992 Sic
565 927 600 988 te
623 917 703 987 diva
723 926 845 1010 potens
867 922 982 1015 Cypri,

533 1032 588 1102 Sic
608 1030 732 1100 iratres
754 1033 917 1119 Helenae,
938 1037 1051 1106 lucida
1071 1037 1194 1118 sidera,

489 1149 740 1250 Ventorumque
762 1154 862 1236 regat
882 1155 983 1238 pater

533 1256 713 1328 obstrictis
735 1258 813 1328 aliis
834 1268 973 1351 praeter
994 1263 1133 1354 Iapyga,

491 1432 607 1513 Navis,
630 1452 717 1522 quae
738 1430 803 1500 tibi
826 1435 990 1505 creditum

534 1546 647 1616 Debes
668 1541 858 1632 Vergilium
882 1549 1004 1618 finibus
1026 1547 1161 1617 Atticis.

492 1660 629 1730 Reddas
650 1655 855 1744 incolumem,
875 1684 1002 1751 precor,

536 1773 583 1841 Et
604 1791 719 1839 serves
741 1771 870 1840 animae
894 1774 1065 1844 dimidium
1084 1796 1187 1842 meae.

495 1946 553 2014 Illi
575 1944 676 2012 robur
698 1948 733 2011 et
756 1966 814 2014 aas
833 1947 959 2037 triplex

540 2056 639 2126 Circa
663 2062 782 2146 pectus
809 2069 896 2142 erat,
926 2061 983 2150 qui
1013 2059 1168 2148 fragilem
1198 2056 1286 2125 truci

496 2170 659 2240 Conmisit
679 2169 800 2258 pelago
822 2177 931 2241 ratem

538 2283 679 2364 Primus,
705 2303 767 2350 nec
792 2283 907 2352 timuit
927 2285 1146 2375 praecipitem
1169 2282 1319 2350 Africum

496 2459 735 2527 Decertantem
756 2455 979 2546 Aquilonibus

538 2569 611 2638 Nec
630 2568 747 2636 tristes
768 2568 910 2659 Hyadas
932 2593 993 2638 nec
1014 2570 1140 2640 rabiem
1161 2567 1251 2648 Noti,

499 2683 572 2766 Quo
594 2705 660 2749 non
683 2680 810 2749 arbiter
832 2682 980 2752 Hadriae

540 2793 661 2874 Maior,
688 2792 808 2862 tollere
836 2817 895 2862 seu
920 2818 1043 2884 ponere
1065 2795 1138 2863 volt
1159 2793 1256 2859 frete.

499 2968 604 3051 Quem
625 2965 745 3034 Mortis
766 2966 881 3035 timuit
902 2967 1050 3056 gradum,

543 3079 609 3162 Qui
630 3078 726 3147 siccis
749 3079 853 3147 oculis
874 3086 1024 3148 monstra
1046 3079 1206 3158 natantia,

501 3193 567 3276 Qui
585 3191 673 3260 vidit
694 3213 786 3260 mare
810 3193 980 3261 turbidum
1002 3199 1037 3260 et

542 3304 690 3372 Infames
713 3305 873 3392 scopulos,
896 3303 1168 3374 Acroceraunia?

499 3475 707 3566 Nequiquam
730 3475 811 3543 deus
833 3476 977 3545 abscidit

543 3587 696 3655 Prudens
718 3585 850 3656 Oceano
879 3587 1082 3657 dissociabili

502 3701 631 3782 Terras,
655 3700 684 3767 si
705 3705 815 3767 tamen
838 3701 950 3790 inpiae

544 3811 620 3881 Nou
640 3811 812 3900 tangenda
833 3819 926 3881 rates
948 3811 1144 3880 transiliunt
1166 3809 1261 3878 vada

503 3985 626 4054 Audax
648 3984 758 4053 omnia
779 3987 912 4076 perpeti

547 4096 638 4166 Gens
659 4096 803 4165 humana
823 4099 894 4166 ruit
915 4120 976 4189 per
996 4097 1139 4165 vetitum
1161 4093 1262 4162 nefas.

504 4210 625 4280 Audax
645 4209 759 4301 Iapeti
779 4234 885 4298 genus

546 4323 662 4412 Ignem
684 4323 802 4392 fraude
824 4325 914 4392 mala
936 4322 1093 4410 gentibus
1115 4320 1240 4389 intulit.

503 4495 587 4564 Post
607 4496 719 4584 ignem
740 4496 892 4565 aetheria
913 4495 1008 4563 domo

548 4607 753 4676 Subductum
773 4609 896 4677 macies
918 4614 953 4675 et
974 4627 1061 4675 nove
1082 4605 1224 4674 febrium

504 4721 618 4788 Terris
640 4719 791 4789 incubuit
814 4721 939 4804 cohors,

547 4832 757 4925 tssmoeiqus
779 4834 871 4922 prius
893 4832 994 4901 tarda
1014 4831 1198 4899 necessitas
