3562 5456
840 447 1044 514 CARMINVM

581 639 703 706 Omnes
725 636 840 704 eodem
862 636 1017 722 cogimur,
1040 636 1182 703 omnium

581 749 747 817 Versatur
766 771 851 814 urna
873 749 979 814 serius
1001 747 1091 814 ocius

624 859 704 928 Sors
727 859 859 926 exitura
882 864 917 924 et
938 882 998 926 nos
1019 859 1054 924 in
1077 865 1251 926 aeternum

666 971 830 1038 Exsilium
851 970 1037 1058 inpositura
1061 973 1208 1059 cymbae.

895 1349 984 1423 ΙΙΠ.

580 1503 632 1571 Ne
655 1503 701 1570 sit
724 1502 864 1569 ancillae
887 1503 951 1569 tibi
973 1526 1065 1570 amor
1086 1505 1212 1592 pudori,

579 1615 730 1682 Xanthia
751 1613 893 1682 Phoceu
937 1613 1035 1682 Prius
1057 1616 1256 1685 insolentem

579 1726 685 1794 Serva
706 1726 834 1794 Briseis
856 1727 953 1794 niveo
974 1728 1081 1794 colore

622 1837 731 1906 Movit
753 1837 951 1922 †Achillem;

577 2027 687 2094 Movit
709 2025 848 2094 Aiacem
869 2025 1047 2094 Telamone
1069 2036 1185 2097 natum

577 2139 699 2207 Borma
724 2139 879 2227 captivae
901 2139 1066 2207 dominum
1088 2141 1297 2211 Tecmessae:

577 2251 674 2318 Arsit
696 2250 837 2318 Atrides
859 2252 966 2319 medio
989 2252 1024 2318 in
1045 2253 1212 2343 triumpho

620 2361 760 2448 Virgine
782 2368 889 2451 rapta,

577 2551 747 2618 Barbarae
770 2557 945 2640 postquam
969 2553 1117 2621 cecidere
1140 2561 1271 2624 turmae

577 2662 736 2728 Thessalo
759 2663 886 2730 victore
911 2668 945 2729 et
973 2663 1148 2754 ademptus
1169 2667 1296 2736 Hector

575 2773 729 2841 'Prodidit
750 2775 847 2842 fessis
874 2774 1002 2842 leviora
1023 2777 1098 2843 tolli

618 2885 782 2972 Pergama
806 2884 915 2954 Grais.

575 3075 715 3144 Nescius
738 3099 781 3142 an
802 3081 837 3142 te
860 3098 1019 3163 generum
1040 3078 1133 3145 beati

573 3187 740 3276 Phyllidis
762 3189 872 3256 flavae
896 3188 1053 3256 decorent
1077 3198 1242 3278 parentes.

574 3297 718 3386 Regium
741 3305 830 3366 certe
854 3322 966 3385 genus,
989 3307 1024 3366 et
1044 3309 1184 3389 penates

616 3410 748 3478 Maeret
769 3411 908 3500 iniquos.

574 3599 680 3668 Crede
703 3621 768 3666 non
790 3599 882 3666 illam
902 3599 965 3666 tibi
988 3599 1029 3666 de
1052 3600 1195 3669 scelesta

575 3711 674 3779 Plebe
699 3711 855 3778 dilectem
877 3732 982 3800 neque
1005 3711 1052 3778 sic
1072 3711 1211 3795 fidelem,

573 3825 628 3892 Sic
650 3823 741 3890 lucro
765 3844 917 3890 aversam
940 3823 1088 3910 potuisse
1111 3825 1203 3892 nasci

614 3933 724 4002 Matre
746 3933 908 4023 pudenda

571 4123 736 4194 Bracchia
758 4130 794 4190 et
814 4123 941 4190 voltum
963 4128 1154 4212 teretesque
1177 4147 1272 4194 suras

571 4237 708 4324 Integer
730 4235 845 4320 laudo;
868 4233 947 4320 fuge
969 4233 1139 4323 suspicari,

572 4349 674 4418 Cuius
697 4354 850 4417 octavum
872 4346 1059 4435 trepidavit
1079 4353 1174 4415 aetas

615 4461 779 4529 Claudere
801 4459 951 4526 lustrum.

827 4689 1033 4700 *au—*—
