3526 5468
898 314 1052 376 EPODON

556 500 677 569 Setcsa
699 499 791 568 duris
813 521 934 568 exuere
956 499 1099 588 pellibus

557 613 732 681 Laboriosi
753 611 897 699 remiges
919 611 1033 680 Vlixei

557 725 701 792 Voleute
723 723 822 792 Circa
842 725 1001 804 membra,
1023 731 1104 792 tuno
1124 745 1218 791 mens
1240 729 1276 790 et
1297 747 1396 792 sonus

557 835 700 904 Relatus
724 841 825 927 etque
846 841 944 904 notus
965 836 1001 902 in
1023 836 1135 903 voltus
1157 835 1271 903 honor.

557 949 647 1016 Dedi
668 948 752 1017 satis
773 969 938 1037 superque
958 969 1140 1035 poenarum
1161 947 1234 1027 tibi,
1369 1007 1371 1014 ,

557 1060 684 1128 Amata
706 1059 818 1127 nautis
839 1060 979 1127 multum
1001 1065 1037 1126 et
1057 1059 1276 1126 institoribus.

556 1172 663 1259 Fugit
682 1172 839 1240 iuventas
861 1176 897 1238 et
918 1171 1124 1240 verecundus
1146 1171 1236 1240 color

556 1284 612 1352 Me
634 1285 748 1374 liquit;
770 1306 830 1351 ora
851 1283 939 1372 pelle
962 1283 1084 1350 amicta
1104 1282 1222 1365 lurida

557 1396 639 1464 Tuis
661 1395 800 1485 capillus
823 1394 918 1463 albus
939 1402 993 1464 est
1014 1395 1178 1476 odoribus,

557 1507 696 1575 Nullum
718 1509 760 1575 ab
782 1507 897 1575 labore
919 1530 971 1574 me
992 1506 1135 1574 reclinat
1154 1507 1273 1591 otium;

557 1619 690 1707 Vrguet
712 1619 799 1686 diem
820 1642 887 1686 nox
910 1603 1038 1687 et'dies
1060 1625 1199 1700 noctem,
1220 1626 1360 1709 nequest

557 1731 688 1799 Levare
708 1737 805 1798 tenta
827 1731 949 1819 spiritu
967 1731 1171 1819 praecordia

557 1843 649 1930 Ergo
671 1849 831 1931 negatum
851 1843 967 1910 vincor
987 1849 1027 1911 ut
1047 1843 1179 1911 credam
1201 1843 1308 1925 miser,

559 1953 694 2022 Sabelle
714 1959 832 2043 pectus
853 1954 1026 2043 increpare
1049 1955 1196 2023 carmina

560 2065 733 2156 Caputque
754 2065 867 2134 Marsa
888 2064 1032 2134 dissilire
1055 2068 1163 2134 nenia.

560 2177 648 2260 Quid
669 2177 810 2267 amplius
831 2177 908 2245 vis?
952 2178 979 2243 O
1002 2199 1093 2246 mare
1115 2186 1151 2245 et
1171 2186 1273 2261 terre,
1296 2179 1405 2261 ardeo,

560 2288 728 2372 Quantum
749 2311 856 2379 neure
877 2296 953 2356 atro
975 2289 1142 2357 delibutus
1163 2289 1325 2360 Hercules

559 2400 662 2470 Nessi
683 2423 798 2469 cruore
820 2423 882 2469 nec
904 2400 1025 2469 Sicana
1045 2401 1177 2469 fervida

560 2513 682 2582 Virens
704 2514 739 2580 iu
761 2514 874 2580 Aetna
894 2513 1039 2594 fiamma3
1062 2519 1109 2588 tu.
1131 2513 1236 2582 donec
1258 2515 1341 2582 cinis

560 2626 734 2694 Iniuriosis
757 2624 871 2692 aridus
891 2626 1003 2693 ventis
1025 2625 1124 2706 ferar,

561 2737 659 2806 Cales
679 2737 817 2806 venenis
841 2737 973 2804 officina
995 2736 1168 2805 Colchicis.

562 2849 655 2932 Quae
677 2850 752 2916 finis
774 2855 833 2916 aut
856 2850 943 2938 quod
964 2871 1016 2916 me
1038 2855 1151 2917 manet
1173 2849 1399 2938 stipendium?

560 2961 690 3028 Effare!
718 2961 826 3029 iussas
848 2984 920 3028 cum
942 2961 1008 3028 fide
1028 2983 1153 3050 poenas
1174 2962 1270 3042 luam

561 3073 705 3140 Paratus
727 3073 870 3161 expiare,
893 3095 952 3140 seu
973 3072 1163 3162 poposceris

562 3183 704 3252 Centum
725 3185 889 3266 iuvencos,
912 3185 982 3253 sive
1004 3183 1156 3252 mendaci
1177 3184 1253 3272 lyra

561 3295 663 3364 Voles
686 3297 812 3364 sonari:
835 3305 875 3364 tu
896 3297 1027 3386 pudica,
1049 3303 1088 3363 tu
1109 3296 1213 3384 proba

560 3406 811 3476 Perambulabis
834 3415 927 3475 astra
949 3408 1041 3476 sidus
1064 3430 1208 3475 aureum.

561 3519 698 3587 Infamia
721 3519 870 3588 Helenae
893 3518 1014 3587 Castor
1036 3519 1181 3586 offensus
1204 3519 1308 3586 vicem

561 3629 747 3720 Fraterque
769 3631 882 3718 magni
904 3629 1063 3711 Castoris,
1084 3632 1166 3698 victi
1188 3653 1294 3719 prece,

561 3741 731 3830 Adempta
751 3743 824 3810 vati
844 3741 1021 3810 reddidere
1041 3742 1183 3810 lumina:

561 3853 610 3920 Et
629 3860 669 3920 tu
690 3890 733 3900 ——
754 3860 850 3942 potes
870 3879 947 3922 nam
969 3892 1012 3900 —
1033 3855 1126 3922 solve
1148 3876 1200 3922 me
1222 3854 1396 3936 dementia,

563 3964 674 4032 Onec
696 3966 847 4055 paternis
869 3967 1019 4034 obsoleta
1040 3967 1192 4034 sordibus

562 4076 634 4143 Nec
655 4078 690 4143 in
710 4078 871 4166 sepulcris
892 4100 1075 4167 pauperum
1096 4078 1241 4166 prudens
1264 4101 1347 4146 anus

563 4187 788 4257 Nouendiales
810 4189 974 4279 dissipare
994 4191 1157 4279 pulveres.

563 4300 639 4368 Tibi
661 4300 826 4390 hospitale
848 4308 964 4390 pectus
986 4309 1022 4370 et
1043 4324 1145 4390 purae
1167 4324 1283 4368 manus
1337 4327 1339 4332 ’

564 4413 718 4501 Tuusque
741 4418 860 4480 venter
881 4413 1101 4494 Pactumeius,
1124 4419 1160 4480 et
1180 4420 1238 4479 tuo

565 4523 690 4592 Cruore
712 4526 830 4592 rubros
856 4525 1020 4592 obstetrix
1041 4548 1167 4613 pannos
1187 4525 1279 4606 lavit,

564 4635 750 4726 Vtcumque
774 4636 870 4704 fortis
893 4637 1006 4704 exsilis
1028 4632 1214 4726 puerpera’
