3562 5456
813 459 1019 520 CARhllNVM

404 644 492 727 Quin
511 651 547 711 et
568 643 708 712 Atridas
731 644 813 712 duce
835 653 870 711 te
892 647 1051 732 superbos

403 757 467 823 llio
493 756 588 824 dives
609 756 764 823 Priamus
786 757 905 824 relicto

266 887 282 938 5
403 869 646 958 Thessalosque
668 867 763 953 ignes
787 873 822 935 et
844 869 958 958 inique
980 869 1098 937 Troiae

447 979 571 1048 Castra
588 979 718 1047 fefellin

402 1154 453 1220 Tu
474 1153 547 1242 piae
568 1153 670 1219 laetis
692 1151 819 1220 enimes
842 1155 975 1242 reponis

403 1265 544 1333 Sedibus
569 1264 731 1353 virgaque
752 1264 860 1331 levem
883 1266 1037 1333 coherces

402 1378 519 1444 Aurea
539 1379 680 1457 turbam,
704 1376 833 1464 superis
856 1377 990 1445 deorum

448 1489 576 1557 Graius
597 1497 633 1557 ct
655 1487 753 1558 imis»

888 1889 954 1962 XI.

403 2043 455 2109 Tu
477 2064 518 2108 ne
540 2041 734 2130 quaesieris,
757 2043 841 2109 scire
866 2043 970 2124 nefas,
993 2066 1088 2132 quem
1110 2043 1203 2123 mihi,
1226 2065 1320 2132 quem
1342 2043 1405 2110 tibi

403 2155 521 2221 Finem
544 2154 578 2220 di
602 2153 764 2235 dederint,
786 2154 968 2234 Leuconoe,
992 2177 1051 2223 nec
1074 2155 1278 2244 Babylonios

403 2265 592 2355 Tempteris
621 2289 782 2333 numeros.
825 2267 874 2333 vt
902 2268 1030 2350 melius,
1061 2267 1220 2357 quidquid
1248 2267 1322 2348 erit,
1350 2267 1431 2355 peti,

404 2379 470 2446 Seu
491 2380 605 2468 plures
628 2377 753 2446 hiemes
775 2402 834 2446 seu
856 2379 977 2446 tribuit
998 2380 1151 2468 Iuppiter
1171 2379 1330 2460 ultimam,

403 2551 496 2634 Quae
519 2574 605 2618 nuuc
631 2525 794 2638 oppositis¹
817 2550 973 2619 debilieat
993 2551 1177 2640 pumicibus
1200 2574 1291 2618 mare

400 2664 618 2752 Tyrrhenum.
663 2661 790 2749 Sepias,
813 2663 893 2730 vine
916 2663 1030 2754 liques,
1053 2670 1089 2731 et
1111 2664 1221 2752 spatio
1244 2663 1339 2730 brevi

404 2775 503 2864 Spem
524 2775 658 2861 longam
678 2793 816 2842 reseces.
861 2775 949 2842 Dum
971 2776 1143 2865 loquimur,
1167 2776 1294 2862 fugerit
1315 2775 1430 2844 invida

403 2887 525 2955 Aetes:
547 2907 645 2974 carpe
666 2885 760 2966 diem,
784 2909 883 2977 quem
905 2887 1074 2954 minimum
1101 2887 1236 2956 credule
1257 2894 1400 2976 postero.

872 3293 958 3369 XII.

404 3446 509 3529 Quem
531 3445 638 3512 virum
660 3454 720 3514 cut
741 3447 844 3514 heroa
863 3448 940 3537 lyre
957 3448 1011 3515 vel
1034 3449 1103 3515 acri

404 3559 502 3625 'libio
524 3558 625 3624 sumis
648 3560 825 3640 celebrere,
847 3557 945 3626 Clio?

402 3669 508 3753 Quem
531 3670 651 3737 deum?
696 3668 798 3738 Cuius
819 3671 948 3738 recinet
969 3670 1079 3738 iocosa

445 3781 574 3849 Nomen
595 3781 705 3868 imago

268 3973 279 3986 '
402 3955 476 4023 Aul
498 3955 532 4021 in
554 3955 716 4023 umbrosis
736 3955 907 4024 Heliconis
930 3957 997 4024 oris

402 4068 475 4135 Aut
498 4089 596 4156 super
618 4066 725 4133 Pindo
748 4068 901 4154 gelidove
924 4068 958 4134 in
978 4066 1130 4134 Haemo?

402 4180 498 4246 Vnde
521 4179 669 4246 vocalem
690 4185 816 4246 temere
838 4179 1009 4246 insccuhue

446 4291 580 4379 Orphea
602 4289 717 4370 silvae,

402 4461 500 4550 [Arte
521 4469 673 4529 materne
695 4462 830 4550 rapidos
852 4468 1036 4529 morantem

403 4575 589 4641 Fluminum
611 4574 725 4662 lapsus
747 4574 934 4663 celeresque
956 4579 1083 4643 ventos

401 4685 567 4755 Blandum
591 4692 627 4752 et
649 4685 779 4754 auritas
801 4685 921 4752 fidibus
943 4683 1073 4751 cencris

445 4799 575 4865 Ducere
596 4793 755 4886 quercus]
