3566 5460
992 783 1075 858 XV.

644 936 717 1004 Iam
735 960 842 1025 peuce
863 943 975 1003 aratro
997 936 1114 1022 iugera
1136 937 1249 1022 regiae

643 1047 750 1115 Moles
771 1048 975 1137 relinquent;
999 1047 1144 1138 undique
1168 1048 1272 1116 latius

686 1159 836 1227 Exteuta
857 1161 1009 1226 visentur
1031 1158 1175 1244 Lumine

729 1270 856 1357 Stagna
878 1272 952 1338 lacu
974 1272 1193 1361 platanusque
1216 1272 1346 1340 caelebs

642 1459 786 1527 Evincet
809 1459 930 1542 ulm0s;
953 1464 1024 1526 tum
1047 1459 1188 1528 violeris
1211 1467 1248 1528 et

642 1570 777 1660 Myrtus
799 1578 834 1637 et
855 1571 960 1639 omnis
983 1572 1078 1660 copie
1100 1571 1228 1638 nerium

686 1681 853 1771 Spargent
877 1682 1012 1750 olivetis
1035 1683 1168 1750 odorem

729 1795 911 1861 Fertilibus
934 1794 1064 1862 dominc
1086 1795 1245 1883 priorem

642 1983 726 2049 Tum
749 1983 858 2072 spisse
880 1985 980 2050 ramis
1002 1985 1120 2052 leuree
1141 1983 1289 2052 fervidos

642 2094 810 2162 Excludct
831 2096 926 2162 ictus.
969 2095 1045 2162 Nou
1068 2095 1119 2162 ite
1139 2095 1274 2163 Rumuii
1364 2112 1372 2128 ·

684 2207 931 2295 Praescriptum
955 2215 990 2274 et
1011 2207 1136 2274 intensi
1159 2207 1297 2275 Catonis

726 2318 895 2406 Auspiciis
918 2325 1133 2408 veterumque
1156 2343 1279 2387 norma.

641 2506 799 2575 Privatus
820 2506 888 2574 illis
910 2529 1027 2575 census
1050 2514 1125 2575 erat
1146 2509 1265 2588 brevis,

640 2616 818 2686 Commune
840 2642 1012 2704 maguum:
1035 2620 1128 2686 nulle
1150 2619 1359 2709 decempedis

682 2731 814 2797 Metetc
834 2731 977 2818 privetis
1000 2753 1136 2820 opacum

723 2841 877 2910 Porticus
900 2843 1088 2930 excipiebat
1109 2841 1247 2924 Arcton,

638 3029 709 3097 Nee
730 3030 908 3098 fortuitum
933 3053 1090 3119 spernere
1114 3033 1293 3119 caespitem

639 3141 750 3228 Leges
772 3143 934 3222 sinebant,
957 3142 1079 3230 oppida
1101 3143 1233 3230 publico

682 3253 824 3342 Sumptu
843 3255 996 3322 iubentes
1019 3255 1072 3320 *et
1093 3254 1229 3322 deorum

724 3366 863 3455 Temple
884 3389 970 3432 novo
994 3365 1152 3432 decorare
1174 3391 1262 3434 sexo.

976 3792 1078 3868 XVI.

636 3946 750 4014 Otium
773 3946 867 4015 divos
889 3952 987 4033 roget
1009 3947 1043 4014 in
1066 3947 1198 4036 petenti

635 4058 782 4126 Prensus
800 4057 947 4144 Aegaeo,
969 4058 1067 4126 simul
1090 4063 1165 4126 stre
1188 4059 1291 4126 nubes

636 4169 795 4237 Condidit
814 4172 927 4237 lunum
949 4191 1054 4259 neque
1077 4177 1170 4237 certe
1192 4171 1323 4256 fulgent

678 4280 796 4348 Sidere
817 4281 944 4364 nuutis3

637 4469 748 4536 Otium
771 4471 858 4536 bello
881 4467 1008 4536 fcuiess
1030 4468 1166 4548 Thrace,

634 4581 747 4648 Otium
768 4579 861 4647 Medi
882 4580 1043 4668 pharetra
1065 4579 1183 4661 decori,

635 4691 801 4780 Grosphe,
823 4715 888 4758 nen
911 4691 1049 4778 gemmis
1071 4713 1177 4782 neque
1200 4715 1348 4781 pmpure
1370 4715 1425 4761 ve·

675 4804 750 4872 nale
772 4825 878 4895 neque
902 4826 990 4871 euro.
