3526 5468
223 4935 395 4982 nomm

806 763 889 840 VH.

439 918 524 1000 Quo,
547 942 610 1010 quo
633 919 767 986 scelesti
787 919 910 986 ruitis?
938 925 999 986 aut
1024 942 1082 986 our
1108 918 1255 986 dexteris

481 1030 654 1119 Aptantur
676 1053 771 1098 enses
793 1030 941 1098 conditi?

438 1141 603 1210 Parumne
626 1143 750 1231 eampis
773 1148 873 1232 atque
896 1140 1053 1230 Neptuno
1075 1165 1175 1231 super

481 1255 639 1322 Fimumst
660 1253 777 1321 Latini
798 1254 993 1341 sanguinis?

439 1365 514 1435 Non
536 1374 577 1435 ut
599 1368 759 1456 superbas
781 1367 916 1434 invidae
939 1365 1160 1454 Karthaginis

481 1477 650 1548 Romanus
672 1501 766 1547 arces
787 1485 909 1560 ureret

438 1591 590 1660 Intactas
610 1597 671 1660 aut
689 1591 873 1659 Britannus
895 1596 935 1658 ut
957 1591 1174 1660 descenderet

483 1701 585 1772 Sacra
607 1709 781 1771 oatenatus
802 1703 866 1785 via,

440 1813 507 1882 Sed
528 1821 567 1883 ut
589 1816 871 1900 seeundumvota
892 1813 1093 1884 Parthorum
1115 1839 1174 1882 sua

482 1927 571 1996 Vrbs
592 1927 676 1997 haee
696 1928 825 2018 periret
847 1927 1010 1995 dextera?

439 2041 556 2131 Neque
577 2041 631 2109 hie
653 2041 742 2130 lupis
761 2063 832 2108 moe
852 2063 911 2108 neo
934 2040 999 2108 fuit
1020 2039 1179 2122 leonibus,

482 2153 668 2245 Numquam
690 2153 755 2220 nisi
776 2154 812 2219 iu
832 2152 946 2242 dispar
967 2153 1055 2220 feris.

441 2265 590 2333 Furorne
612 2287 726 2334 oaeoos
748 2287 791 2332 an
812 2265 903 2354 rapit
924 2265 977 2334 vis
999 2265 1107 2334 aerior

483 2377 539 2445 An
562 2379 682 2467 culpa?
725 2377 933 2466 Responsum
955 2378 1050 2445 date!

441 2489 576 2574 Tacent
599 2496 635 2558 et
654 2490 749 2558 albus
772 2513 831 2558 ora
852 2489 961 2579 pallor
981 2489 1094 2571 inficit

483 2602 678 2694 Montesque
699 2603 872 2693 perculsae
895 2608 1039 2691 stupent

443 2713 497 2782 Sic
518 2721 585 2783 est:
607 2717 726 2784 acerba
747 2716 819 2784 fate
840 2715 1007 2782 Romanos
1029 2720 1134 2801 agrmt

485 2825 663 2918 Soelusque
683 2828 854 2896 fraternae
877 2828 973 2909 neeis,

442 2939 491 3007 Vt
511 2939 706 3008 inmerentis
725 2941 822 3008 fluxit
843 2940 879 3007 in
900 2946 1024 3007 terram
1044 2938 1142 3006 Remi

486 3051 586 3121 Saoer
608 3053 784 3143 nepotibus
807 3075 911 3121 eruor.

801 3435 905 3512 VIII.

443 3588 577 3677 Rogare
599 3591 698 3677 longo
719 3588 872 3677 putidam
892 3595 928 3656 te
951 3589 1091 3670 saecule,

486 3702 585 3770 Vires
605 3701 685 3792 quid
707 3707 846 3770 enervet
866 3723 963 3782 meas,

447 3813 529 3881 Cum
550 3815 596 3882 sit
616 3814 681 3881 tibi
699 3813 780 3881 dens
803 3815 878 3881 ater
900 3819 935 3880 et
956 3812 1050 3900 rugia
1072 3813 1188 3882 'suetus

486 3925 645 3994 Frontem
667 3931 821 3994 senectus
842 3929 967 4006 exaret

445 4038 591 4129 Hietque
613 4037 721 4127 turpis
743 4037 832 4104 iuter
853 4036 965 4105 aridas
986 4042 1083 4104 netes

488 4149 604 4219 Podex
624 4150 719 4218 velut
740 4148 861 4218 erudae
881 4149 993 4218 bovis!

444 4261 511 4330 Sed
532 4262 652 4330 incitat
671 4283 722 4330 me
742 4267 859 4351 peetus
881 4266 917 4329 et
938 4284 1098 4330 mammae
1119 4267 1244 4350 putres,

486 4375 620 4466 Equina
643 4374 777 4465 *quales
798 4374 910 4456 ubera,

447 4485 638 4576 Venterque
660 4485 769 4554 mollis
791 4491 827 4555 et
847 4485 954 4554 femur
975 4485 1179 4552 tumentibus

487 4599 586 4666 Exile
608 4599 696 4666 auris
719 4597 878 4666 additum.

446 4711 529 4780 Esto
551 4711 659 4793 beata,
680 4711 778 4778 fimus
800 4716 900 4800 atque
919 4709 1080 4797 imagines

489 4823 623 4891 Ducant
642 4823 861 4913 triumphales
882 4829 984 4904 tuum,
