3526 5468
914 741 1040 818 VIIII.

639 895 692 964 Ne
714 895 802 963 forle
825 895 943 965 credas
965 895 1144 964 interitura
1164 917 1248 988 qnae

640 1007 756 1094 Longe
777 1013 950 1076 sonantem
972 1015 1072 1077 natus
1094 1007 1138 1076 ad
1162 1007 1321 1076 Aufidum

683 1118 758 1187 Non
779 1125 859 1188 anba
881 1121 1037 1208 volgatas
1061 1127 1236 1211 pararios

727 1231 840 1300 Verba
859 1232 977 1323 loquor
998 1233 1156 1303 socianda
1178 1232 1327 1302 chordis:

641 1403 726 1486 Non,
748 1404 779 1473 ai
799 1405 929 1495 priores
949 1404 1122 1476 Maeonius
1143 1411 1239 1474 tenet

641 1515 744 1585 Sedes
765 1515 939 1600 Homerus,
961 1517 1159 1588 Pindaricae
1178 1519 1287 1586 labent

684 1627 837 1721 Ceaeque
858 1637 894 1697 et
914 1628 1035 1699 Alcaei
1055 1631 1200 1700 minaces

727 1739 974 1833 Stesichorique
996 1765 1119 1829 graves
1141 1741 1321 1826 Camenam

640 1913 712 1982 Nec
732 1913 842 2005 siquid
863 1914 941 1982 olim
960 1915 1043 1984 lusit
1063 1914 1239 1989 Anacreon

642 2026 781 2095 Delevit
802 2033 912 2112 sebam
935 2027 1043 2116 spirat
1064 2027 1173 2098 adhuc
1193 2050 1286 2095 amor

685 2139 877 2231 Vivuanue
898 2139 1051 2208 conmissi
1073 2141 1199 2208 calores

580 2325 583 2333 ,
727 2250 868 2320 Aeoliae
888 2251 1010 2320 fidibus
1030 2252 1172 2342 puellae.

641 2423 717 2492 Non
740 2423 812 2492 sola
833 2429 981 2513 comptos
1003 2425 1088 2492 arsit
1109 2423 1255 2492 adulteri

642 2534 761 2604 Orines
783 2541 819 2604 eb
838 2559 954 2604 aurum
976 2537 1126 2604 vestibus
1147 2535 1269 2604 illitum

684 2647 807 2715 Mirabe
830 2647 1024 2737 regalesque
1047 2649 1155 2716 cultum

727 2759 775 2826 Et
797 2758 934 2828 comites
956 2759 1084 2828 Helene
1105 2760 1269 2841 Lacaena

641 2931 815 3002 Primusve
836 2931 964 3000 Teucer
985 2933 1056 3001 bela
1078 2931 1230 3023 Cydonio

641 3043 778 3112 Direxib
800 3067 896 3130 arou3
916 3067 982 3114 ncn
1002 3045 1106 3114 semel
1126 3045 1206 3114 llios

685 3155 839 3246 Vexsbe;
860 3180 927 3225 non
947 3157 1114 3248 pugnavit
1137 3158 1256 3247 ingens

728 3267 926 3338 Idomeneus
947 3267 1169 3341 Sthenelusve
1191 3269 1280 3339 solus

641 3441 793 3510 Dicenda
813 3440 919 3512 Musis
938 3442 1081 3532 proelia3
1102 3465 1168 3511 non
1189 3443 1285 3511 ferox

641 3551 770 3623 Hector
788 3553 846 3622 vel
864 3575 942 3624 acer
962 3553 1156 3644 Deiphobus
1177 3577 1298 3644 graves

685 3665 830 3756 Excepit
851 3666 939 3734 ictus
957 3689 1019 3756 pro
1041 3667 1170 3757 pudicis

729 3775 932 3866 Coniugibus
953 3779 1131 3871 puerisque
1152 3782 1286 3871 primus.

643 3949 769 4020 Vixere
791 3951 897 4019 sorbes
919 3957 998 4020 aule
1020 3950 1272 4039 Agamemnone

643 4062 757 4149 Malim
780 4063 840 4132 sed
862 4085 974 4132 omnes
996 4064 1257 4134 inlacrimabiles

684 4174 882 4264 Vrguentur
903 4175 1075 4267 ignotique
1095 4178 1198 4266 longa

728 4287 845 4370 Nocbe,
868 4295 984 4357 carent
1005 4289 1083 4380 qnia
1103 4297 1181 4358 vale
1203 4313 1306 4360 sacro.

642 4457 784 4529 Paulum
805 4460 956 4550 sepulbae
979 4461 1087 4529 distat
1108 4462 1251 4532 inertiae

644 4571 763 4641 Celata
784 4572 901 4642 virtus.
944 4571 1021 4641 Non
1043 4595 1105 4661 ego
1125 4580 1162 4643 te
1181 4575 1263 4643 meis

688 4683 824 4754 Ghartis
843 4685 1035 4754 inornatum
1056 4686 1168 4770 silebo,

728 4795 837 4866 Totve
859 4803 936 4866 tuos
957 4798 1071 4888 patiar
1092 4799 1224 4870 labores
