3566 5460
770 455 888 516 LIBER
907 456 957 516 111.

504 641 566 709 Vis
589 639 706 709 consili
729 661 848 729 expers
870 641 956 709 mole
977 639 1048 707 ruit
1069 663 1146 707 suc:

504 752 582 820 Vim
602 757 826 842 temperatam
850 751 884 818 di
907 773 1037 840 quoque
1059 751 1248 840 provehunt

546 865 586 931 In
605 863 727 948 maius;
749 863 838 930 idem
861 862 961 930 odere
983 863 1073 931 vires

590 975 694 1042 Omne
717 976 812 1044 nefas
833 975 943 1042 animo
966 979 1145 1043 moventes.

504 1128 627 1218 [Testis
649 1153 797 1198 mearum
819 1129 1024 1198 centimanus
1047 1127 1141 1218 Gyas
1230 1169 1235 1180 ·

504 1241 765 1323 Sententiarum,
790 1247 889 1310 notus
912 1247 948 1308 et
968 1241 1122 1328 integrae

546 1354 742 1444 Temptator
766 1351 868 1420 Orion
891 1351 1031 1434 Dianae,

589 1465 752 1552 Virginea
775 1465 919 1532 domitus
939 1462 1088 1552 sagitta]

503 1621 633 1689 Iniecta
654 1620 812 1688 monstris
833 1620 939 1687 Terra
961 1619 1054 1688 dolet
1079 1619 1148 1687 suis

503 1731 699 1822 liceretque
722 1737 840 1820 partus
862 1732 999 1799 fulmine
1019 1730 1163 1798 luridum

546 1843 668 1912 Missos
689 1843 732 1911 ad
754 1842 890 1928 Orcum;
913 1865 974 1911 nec
993 1841 1125 1932 peredit

590 1956 775 2045 Inpositam
797 1956 886 2024 celer
907 1955 995 2040 ignis
1015 1952 1169 2034 Aetnam,

505 2110 748 2178 Incontinentis
771 2133 831 2178 neo
853 2109 950 2199 'lityi
970 2109 1063 2178 iecur

505 2221 657 2310 Reliquit
678 2222 748 2290 eles
770 2223 941 2312 nequitiae
963 2221 1100 2290 additus

549 2331 687 2416 Onst0s3
710 2339 894 2402 amatorem
916 2339 1088 2402 trecentae

590 2444 779 2512 Pirithoum
803 2446 958 2514 cohibent
982 2451 1127 2512 catenae.

849 2821 893 2896 V.

507 2973 608 3044 Caelo
630 2981 803 3042 tonantem
825 2974 1024 3042 credidimus
1045 2975 1159 3042 Iovem

506 3087 679 3173 Regnar03
700 3109 859 3176 praesens
882 3086 979 3154 divus
998 3086 1178 3154 habebitur

548 3198 724 3285 Augustus
747 3199 886 3266 adiectis
909 3197 1085 3266 Britannis

591 3311 736 3400 Imperio
758 3311 983 3399 gravibusque
1004 3308 1126 3378 Persis.

506 3465 647 3533 Milesne
670 3463 783 3533 Crassi
806 3465 946 3550 coniuge
968 3466 1111 3533 barbara

507 3577 629 3666 Turpis
651 3577 792 3644 maritus
813 3577 901 3643 vixit
923 3581 959 3642 et
979 3575 1131 3656 hostiurn,

549 3687 616 3756 Pro
637 3689 730 3756 curia
750 3688 942 3776 inversique
964 3688 1091 3755 mores!

593 3797 778 3867 Consenuit
798 3821 986 3868 socerorum
1005 3798 1040 3866 in
1064 3799 1154 3866 arvis

507 3951 575 4020 Sub
598 3975 679 4040 rege
699 3953 797 4021 Medo
820 3953 953 4022 Marsus
974 3960 1010 4020 et
1030 3953 1171 4043 Apulus,

508 4065 716 4134 Anciliorum
738 4070 774 4132 et
796 4065 937 4133 nominis
959 4071 994 4132 et
1015 4071 1116 4152 togae

551 4176 684 4245 Oblitus
705 4181 928 4266 aeternaeque
950 4175 1077 4244 Vestae

593 4288 755 4356 Incolumi
776 4288 858 4356 Iove
881 4294 916 4355 et
935 4288 1016 4356 urbe
1040 4287 1170 4356 Roma?

508 4443 581 4512 Hoc
600 4448 738 4511 caverat
759 4464 851 4510 mens
871 4442 1014 4532 provida
1035 4442 1160 4529 Reguli

508 4555 750 4622 Dissentientis
772 4553 1017 4622 condicionibus

551 4663 673 4733 Foedis
694 4672 730 4732 st
748 4665 898 4753 exemplo
920 4665 1069 4732 habenti

593 4775 780 4846 Pemiciem
800 4778 938 4844 veniens
963 4777 997 4846 in
1020 4797 1147 4858 aevum,
