3566 5460
941 430 1145 496 canuntur

684 617 788 684 Tibur
809 615 922 703 Argeo
944 617 1090 706 positum
1112 617 1225 684 oolono

683 727 736 795 Sit
757 751 851 796 meae
873 729 970 796 sedes
992 730 1121 797 utinam
1143 735 1306 810 senectae,

682 839 735 908 Sit
757 841 872 908 modus
895 842 983 909 lasso
1006 841 1107 908 maris
1131 849 1166 908 et
1189 843 1318 908 viarum

724 953 942 1044 Militiaeque.

681 1108 777 1176 Vnde
800 1109 829 1174 si
851 1107 977 1175 Pareae
998 1107 1178 1196 prohibent
1200 1109 1343 1197 iniquae,

682 1220 788 1287 Dulee
811 1220 939 1309 pellitis
962 1220 1079 1286 ovibus
1103 1219 1241 1288 Galaesi

679 1329 818 1398 Flumen
843 1339 878 1398 et
899 1339 1041 1418 regnata
1063 1338 1175 1420 petam
1197 1330 1322 1398 Laconi

722 1443 818 1510 Rura
839 1442 1037 1510 Phalantho.

678 1597 742 1664 Ille
763 1604 930 1666 terrarum
953 1598 1034 1664 mihi
1056 1604 1193 1687 praeter
1216 1621 1327 1666 omnes

678 1710 834 1796 Augulns
854 1709 952 1790 ridet,
975 1711 1032 1776 ubi
1053 1734 1119 1777 non
1141 1709 1306 1798 Hymetto

679 1819 783 1888 Mella
806 1821 971 1889 decedunt
992 1822 1158 1911 viridique
1181 1829 1290 1889 eemat

722 1933 814 2000 Bana
835 1933 998 2016 Venafro;

679 2085 748 2155 Ver
769 2089 827 2155 ubi
848 2089 983 2174 longum
1005 2088 1201 2177 tepidasque
1223 2089 1364 2176 praebet

678 2199 832 2287 Iuppiter
851 2201 985 2266 brumas
1008 2206 1044 2266 et
1066 2200 1207 2267 amiotus
1227 2199 1340 2267 Aulon

678 2308 799 2377 Fertili
821 2310 953 2378 Baccho
974 2311 1144 2378 minimum
1167 2309 1320 2379 Falernis

720 2421 856 2489 Invidet
878 2423 962 2489 uvis.

678 2575 741 2642 Ille
762 2584 798 2643 te
821 2599 947 2644 meeum
968 2578 1060 2644 loeus
1083 2584 1119 2643 et
1143 2577 1263 2644 beatae

678 2686 857 2755 Postulant
879 2710 988 2770 aroes;
1021 2689 1067 2754 ibi
1089 2695 1129 2756 tu
1149 2689 1313 2756 calentem

677 2797 803 2864 Debita
825 2821 963 2886 sparges
985 2799 1124 2867 lacrima
1145 2800 1298 2867 favillam

720 2907 820 2977 Vatis
845 2910 951 2977 amici.

937 3125 1139 3136 ——n--n

993 3289 1078 3364 VII.

676 3438 703 3505 Ο
727 3461 827 3528 saepe
848 3461 974 3506 meeum
996 3447 1129 3528 tempus
1150 3441 1185 3506 in
1202 3441 1355 3509 ultimum

674 3551 827 3618 Deducta
850 3551 957 3617 Bruto
978 3551 1119 3618 militiae
1143 3550 1234 3633 duee,

719 3661 801 3744 Quis
823 3669 858 3728 te
881 3661 1058 3729 redonavit
1080 3661 1244 3744 Quiritem

759 3774 821 3840 Dis
844 3775 963 3862 patriis
988 3774 1143 3862 Italoque
1166 3776 1266 3856 eaelo,

676 3928 819 4016 Pompei,
841 3949 988 3996 meorum
1009 3929 1114 4016 prime
1137 3929 1306 4010 sodalium,

676 4038 758 4105 Cum
781 4063 843 4126 quo
866 4045 1051 4107 morantem
1072 4061 1172 4128 saepe
1195 4039 1283 4107 diem
1304 4063 1394 4108 mero

717 4149 827 4236 megi,
852 4158 1028 4218 coronatus
1050 4150 1198 4218 nitentes

759 4261 970 4328 Malobathro
994 4259 1093 4349 Syrio
1114 4262 1277 4349 capillos?

674 4413 796 4482 Tecum
815 4414 989 4504 Philippos
1012 4420 1047 4482 et
1070 4416 1210 4483 celerem
1232 4417 1346 4504 fugam

676 4525 772 4594 Sensi
793 4527 914 4593 relicta
936 4550 1000 4593 nou
1020 4528 1103 4594 bene
1126 4529 1285 4616 parmula,

717 4636 800 4705 Cum
820 4639 928 4705 fracta
946 4638 1056 4705 virtus
1078 4645 1114 4705 et
1135 4641 1280 4708 minaces

759 4749 870 4838 Turpe
891 4749 996 4817 solum
1016 4750 1161 4836 tetigere
1182 4760 1302 4820 mente.
