3566 5460
818 449 935 513 LIBER
954 451 1004 512 111.

519 633 584 716 Qui
605 635 719 703 Musas
740 640 831 702 amat
850 636 992 725 inpares,

561 747 687 814 Tereos
709 752 763 814 ter
785 747 925 836 cyathos
949 747 1114 815 attonitum
1135 753 1231 835 petet

519 857 640 925 Vates:
662 863 733 926 tres
754 858 910 947 prohibet
931 882 1033 948 supra

560 968 722 1036 Rixamm
741 976 893 1038 metuens
913 977 1053 1058 tangere
1076 969 1197 1038 Gratia

517 1123 625 1193 Nudis
647 1125 761 1192 iuncte
782 1125 960 1193 sororibus.

559 1236 710 1304 Insanire
733 1237 845 1304 iuvat:
869 1259 927 1304 cur
948 1235 1173 1324 Berecyntiae

518 1347 661 1416 Cessent
680 1349 814 1416 flamina
833 1348 963 1417 tibiae?

560 1458 628 1528 Cur
648 1459 773 1548 pendet
795 1461 903 1528 tacita
921 1459 1034 1526 fisbrla
1056 1481 1129 1526 curn
1149 1458 1251 1547 lyra?

517 1614 698 1682 Parcentcs
721 1637 783 1701 ego
805 1614 961 1682 dexteras

560 1725 640 1793 Odi:
663 1747 787 1816 sparge
808 1748 918 1809 rosas;
941 1725 1057 1792 audiat
1078 1723 1212 1792 invidus

516 1839 713 1906 Dementam
734 1837 913 1927 strepitum
933 1836 1048 1925 Lycus

558 1949 606 2016 Et
625 1949 737 2018 vicina
760 1950 832 2016 seni
849 1973 915 2016 non
937 1947 1058 2016 habilis
1081 1947 1182 2036 Lyco.

516 2101 631 2191 Spissa
652 2109 688 2171 te
713 2103 856 2172 nitidum
877 2126 976 2182 come,

559 2214 647 2282 Puro
670 2223 706 2282 te
728 2214 877 2296 similem,
898 2213 1053 2301 Telephe,
1075 2235 1214 2300 vespero

516 2326 730 2416 Tempestiva
750 2326 840 2415 petit
859 2325 994 2410 Rhode;

558 2438 613 2506 Me
636 2438 748 2506 lentus
771 2436 938 2526 Glycerae
960 2443 1069 2505 torret
1092 2458 1183 2504 amor
1204 2457 1307 2503 meae.

863 2729 948 2804 XX.

514 2888 589 2955 Non
612 2886 715 2967 vides,
738 2891 861 2976 quanto
884 2906 1017 2952 moveas
1039 2883 1172 2971 periclo,

516 2998 656 3088 Pyrrhe,
679 2996 844 3064 Gaetulae
867 2997 995 3064 catulos
1016 2995 1176 3062 leaenae?

516 3111 610 3176 Dura
630 3114 708 3198 post
728 3108 839 3198 paullo
861 3107 972 3194 fugies
993 3105 1139 3173 inaudax

557 3220 691 3289 Proelia
710 3225 833 3308 raptor,

517 3375 598 3442 Cum
619 3397 680 3464 per
703 3375 874 3441 obstantes
897 3373 1053 3439 iuvenum
1077 3377 1229 3439 catervas

515 3488 584 3554 Ibit
605 3487 770 3573 insignem
792 3490 948 3572 repetens
971 3483 1175 3550 Nearchum:

517 3599 650 3666 Grande
674 3605 849 3677 certamen,
870 3596 934 3662 tibi
957 3595 1083 3683 praeda
1105 3593 1203 3661 cedat

558 3710 684 3778 †Maior
706 3733 749 3776 an
771 3707 830 3775 illi.

515 3865 662 3944 Interim,
685 3863 763 3930 dum
785 3869 823 3930 tu
846 3862 970 3929 celeres
993 3861 1138 3946 sagittas

515 3976 652 4057 Promis,
676 3976 757 4042 baec
780 3973 897 4041 dentes
920 3973 1011 4039 acuit
1032 3969 1206 4048 timendos

514 4087 655 4156 Arbiter
677 4107 807 4175 pugnae
829 4083 979 4174 posuisse
1003 4082 1090 4149 nudo

558 4197 626 4267 Sub
648 4199 733 4288 pede
754 4197 897 4287 palmam

515 4355 637 4421 Fertur
659 4359 695 4420 et
716 4353 784 4419 leni
807 4371 958 4419 recreare
981 4357 1081 4415 vento

516 4465 671 4554 Sparsum
695 4463 843 4532 odoratis
865 4485 1012 4528 umerum
1037 4460 1174 4548 capillis,

516 4575 632 4659 Qualis
654 4583 713 4643 aut
734 4575 858 4641 Nireus
880 4573 945 4640 fuit
967 4578 1026 4640 aut
1048 4593 1171 4660 aquosa

557 4687 689 4778 Raptus
711 4687 751 4754 ab
771 4685 843 4752 Ida.
920 4744 923 4753 .

803 4833 1008 4845 ..-——--
