3526 5468
587 656 706 746 Opima
727 656 844 746 quodsi
865 655 992 744 praeda
1014 678 1114 722 curvo
1136 655 1235 722 litore

633 768 793 836 Porrects
814 789 944 854 mergos
965 767 1098 847 iuveris,

587 880 801 948 libidinosus
821 878 1046 946 immolabitur
1066 900 1166 967 caper

630 991 678 1059 Et
700 1015 787 1079 agna
808 989 1086 1080 Tempestatibus

1008 1335 1075 1410 XI.

589 1491 691 1574 Petti,
712 1490 797 1558 nihil
817 1512 869 1558 me
892 1491 980 1558 sicut
1000 1496 1101 1558 antea
1122 1489 1218 1557 iuvat

632 1602 784 1672 Scribere
805 1602 986 1670 versiculos
1008 1623 1118 1669 amore
1140 1623 1332 1691 percussum
1352 1605 1457 1690 gravi,

589 1715 721 1798 Amore,
744 1715 802 1806 qui
822 1736 874 1782 me
897 1719 1031 1803 praeter
1053 1737 1165 1782 omnes
1188 1714 1317 1803 expetit

631 1827 788 1896 Mollibus
810 1827 845 1894 in
866 1827 980 1916 pueris
1001 1834 1062 1894 out
1082 1827 1117 1893 in
1138 1826 1259 1915 puellis
1279 1849 1386 1894 urere.

587 1939 652 2008 Hic
673 1940 797 2008 tertius
819 1939 1010 2020 December,
1033 1961 1074 2006 ex
1098 1962 1161 2029 quo
1183 1938 1302 2006 destiti

632 2051 769 2120 inachia
789 2051 909 2133 furere,
931 2051 1025 2120 silvis
1047 2051 1204 2119 honorem
1224 2051 1361 2119 decutit.

590 2164 667 2233 Heu
685 2187 746 2247 me,
766 2187 828 2254 per
849 2164 972 2246 urbem,
993 2187 1070 2232 narn
1090 2164 1195 2252 pudet
1215 2164 1304 2232 tanti
1326 2165 1412 2248 mali,

632 2277 761 2346 Fabula
782 2284 906 2367 quanta
926 2276 983 2358 fui.
1007 2276 1232 2344 conviviorum
1253 2284 1292 2344 ut
1315 2279 1474 2366 paenitet,

589 2391 631 2458 In
653 2390 726 2480 quis
747 2393 912 2458 amantem
932 2389 1073 2476 languor
1094 2394 1130 2456 et
1151 2389 1320 2457 silentium

631 2501 758 2590 Arguit
780 2507 816 2570 et
835 2501 942 2578 latere
964 2501 1092 2590 petitus
1112 2500 1178 2568 imo
1202 2501 1348 2590 spiritus.

588 2612 771 2683 ‘Contrane
792 2614 919 2681 lucrum
939 2613 988 2680 nil
1008 2614 1123 2682 valere
1146 2613 1319 2682 candidum

632 2726 794 2816 Pauperis
815 2722 1011 2814 ingeniuml'
1043 2727 1204 2818 querebar
1231 2727 1410 2816 adplorans
1431 2729 1502 2810 tibi,
1580 2781 1581 2784 η

590 2838 695 2907 Simul
717 2838 858 2908 calentis
879 2839 1122 2908 inverecundus
1144 2839 1226 2908 deus

632 2950 828 3020 Fervidiore
847 2972 937 3018 mero
958 2974 1079 3020 arcana
1099 2955 1271 3041 promorat
1291 2951 1371 3020 loco.

591 3061 733 3146 ‘Quodsi
754 3063 837 3131 meis
858 3063 1027 3131 inaestuet
1047 3062 1252 3153 praecordiis

632 3175 757 3244 Libera
774 3175 861 3258 bilis,
881 3180 921 3242 ut
941 3175 1024 3244 haec
1043 3176 1178 3263 ingrate
1198 3176 1309 3244 ventis
1329 3176 1460 3244 dividat

590 3288 761 3371 Fomenta,
782 3289 902 3356 volnus
922 3288 971 3355 nil
992 3288 1114 3356 melum
1135 3287 1293 3370 levantia,

630 3401 773 3469 Desinet
791 3400 963 3489 inparibus
986 3405 1113 3469 certare
1136 3401 1307 3468 submotus
1329 3396 1455 3489 pudor’

590 3513 657 3582 Vbi
678 3512 761 3581 haec
782 3533 920 3580 severus
940 3518 976 3579 te
1003 3512 1112 3601 palam
1135 3512 1357 3595 laudaveram,

632 3625 749 3692 Iussus
771 3625 863 3691 abire
886 3624 1017 3691 domum
1037 3624 1169 3692 ferebar
1189 3624 1317 3693 incerto
1338 3625 1424 3714 pede

591 3735 649 3804 Ad
670 3759 735 3804 non
758 3735 880 3806 amicos
900 3735 966 3803 heu
988 3734 1069 3803 mihi
1089 3742 1203 3825 postes
1226 3742 1262 3805 et
1284 3736 1351 3805 heu

634 3847 767 3917 Limina
789 3848 880 3931 dura
903 3847 1022 3938 quibus
1043 3849 1170 3918 lumbos
1193 3855 1228 3917 ot
1249 3849 1372 3937 infregi
1391 3850 1491 3918 latus

934 4003 1155 4042 ***

591 4126 688 4194 Nunc
709 4124 885 4213 gloriantis
907 4123 1087 4216 quamlibet
1108 4124 1333 4194 mulierculam

634 4238 779 4306 Vincere
800 4237 941 4305 mollitie
964 4260 1055 4305 amor
1077 4236 1212 4326 Lycisci
1233 4259 1285 4305 me
1307 4243 1418 4324 tenct;

589 4349 687 4418 Vnde
710 4349 867 4438 expedire
888 4372 953 4417 non
975 4349 1154 4416 amicorum
1176 4355 1299 4437 queunt

635 4462 759 4530 Libera
779 4461 916 4529 consilia
937 4483 998 4529 nec
1020 4461 1238 4529 contumeliae
1261 4485 1391 4549 graves,

593 4573 660 4642 Sed
680 4573 779 4641 ardor
801 4573 885 4642 alius
907 4578 965 4640 aut
985 4573 1118 4661 puellae
1140 4574 1299 4642 candidae

638 4683 712 4754 Aut
732 4685 853 4754 teretis
875 4685 977 4774 pueri,
1002 4685 1135 4772 longam
1156 4686 1348 4758 renodantis
1371 4708 1504 4758 comam.
