3566 5460
797 769 939 848 XVIII.

355 923 500 1006 Nullam,
523 923 621 1006 Vara,
643 947 737 992 sacra
757 925 829 993 vite
851 926 944 1015 prins
965 925 1092 994 severis
1115 927 1266 995 arborem

356 1036 452 1105 Circa
474 1037 556 1104 mita
577 1037 680 1104 solnm
702 1037 836 1106 Tiburis
859 1044 894 1105 et
914 1039 1044 1106 moenia
1065 1037 1188 1123 Catili;

356 1147 460 1217 Siccis
482 1149 591 1216 omnia
610 1173 686 1216 uam
709 1149 793 1216 dura
814 1149 896 1216 dens
918 1150 1091 1238 proposuit
1110 1173 1215 1238 neque

356 1261 529 1330 Mordaces
550 1262 666 1329 ialiter
689 1261 870 1350 diffugiunt
889 1261 1139 1330 sollicitudines,

358 1451 440 1535 Quis
462 1457 539 1541 post
561 1452 641 1520 vina
662 1473 799 1540 mavum
820 1451 973 1519 militiam
996 1457 1055 1520 ant
1076 1454 1266 1542 pauperiem
1289 1457 1426 1544 crepat?
1519 1473 1536 1524 o

358 1562 441 1646 Quis
462 1585 526 1631 non
549 1569 584 1631 te
605 1564 726 1654 potius,
745 1563 878 1633 Bacche
899 1571 1003 1652 pater,
1025 1571 1134 1654 teque,
1154 1566 1273 1634 decens
1295 1565 1430 1634 Venus?

359 1675 409 1742 Ac
431 1676 547 1767 nequis
569 1676 689 1744 modici
710 1676 881 1746 transiliat
903 1676 1015 1744 munia
1037 1675 1160 1759 Liberi,

360 1786 547 1856 Centaurea
567 1795 680 1856 monet
701 1811 775 1856 cnm
794 1788 950 1878 Lapithis
972 1788 1046 1856 rixa
1067 1811 1167 1878 snper
1187 1812 1277 1858 mero

359 1978 546 2060 Debellata,
567 1986 680 2048 monet
700 1977 862 2048 Sithoniis
883 2003 949 2048 non
969 1981 1055 2049 levis
1077 1979 1213 2062 Euhius,

361 2089 442 2158 Cum
464 2090 516 2158 ias
538 2098 638 2181 atque
660 2091 755 2159 nefas
777 2092 897 2180 exiguo
919 2093 984 2160 fine
1006 2093 1180 2160 libidinum
1507 2113 1539 2164 10

360 2203 563 2270 Discernnnt
584 2203 681 2270 avidi
724 2202 801 2271 Nou
823 2226 885 2292 ego
906 2211 950 2286 te,
972 2204 1110 2272 candide
1132 2205 1308 2286 Bassareu,

361 2315 509 2383 Invitum
532 2315 680 2404 quatiam
699 2337 760 2384 nec
782 2315 886 2384 variis
908 2315 1018 2384 obsita
1039 2317 1211 2385 hondibus

362 2504 430 2572 Sub
454 2505 568 2573 divum
588 2505 725 2595 rapiam.
769 2505 879 2573 Saeva
898 2512 977 2574 tene
1000 2529 1074 2574 eum
1095 2507 1299 2598 Berecyntio

363 2615 474 2684 Cumn
495 2623 664 2706 tympana,
686 2639 770 2708 quaa
791 2619 1004 2708 subsequitur
1026 2641 1142 2688 caecus
1163 2618 1268 2688 Amor
1292 2619 1344 2687 sni

362 2729 409 2796 Et
428 2729 550 2797 tollens
572 2753 710 2798 vaeunm
732 2731 806 2820 plus
828 2730 927 2798 nimio
951 2729 1069 2799 Gloria
1088 2731 1246 2801 verticem
1509 2749 1540 2803 15

363 2841 551 2932 Aroanique
571 2841 673 2911 Fides
695 2842 844 2932 prodiga,
867 2843 1068 2933 perlucidior
1087 2844 1185 2912 vitro.

774 3067 977 3080 nnun——n

799 3239 963 3317 XVIIII.

366 3393 474 3464 hister
497 3417 601 3463 saeve
622 3393 821 3484 Cupidinum

408 3507 649 3597 Thebanaeque
672 3506 766 3575 iubet
787 3528 838 3573 me
861 3505 1007 3574 Semeles
1029 3528 1112 3597 puer

367 3619 413 3686 Et
433 3620 559 3688 lasciva
579 3619 734 3687 Licentia

409 3733 530 3800 Finitis
551 3731 695 3800 animum
716 3731 855 3799 reddere
879 3732 1052 3798 amoribus.

370 3919 444 3988 vrit
465 3943 517 3989 me
540 3920 704 4012 Glycerae
726 3921 824 4002 nitor,

410 4031 621 4122 Splendentis
643 4033 743 4102 Pario
764 4055 926 4101 marmore
946 4033 1069 4121 purius,

371 4143 447 4212 Vrit
467 4153 566 4234 grata
587 4146 792 4235 protervitas

410 4257 457 4324 Et
477 4259 589 4326 voltus
612 4258 748 4326 nimium
769 4258 913 4326 lubricus
937 4258 1049 4348 aspici.

369 4446 409 4514 In
428 4471 480 4515 me
499 4453 575 4515 tota
595 4469 695 4516 ruens
716 4447 829 4516 Venus

412 4558 559 4649 Cyprum
581 4560 737 4642 desernit,
760 4582 819 4627 nec
841 4559 969 4650 patitur
991 4557 1135 4649 Scythas

370 4671 442 4740 Aut
461 4674 568 4742 vorsis
590 4674 772 4742 animosum
794 4672 885 4761 equis

413 4785 571 4856 Parthum
595 4786 705 4854 dicere
729 4807 789 4852 nec
811 4806 895 4874 quae
918 4784 1001 4850 nihil
1022 4783 1154 4851 attinet

254 4913 422 4960 souma
