3566 5460
827 503 943 574 LIBER
964 505 984 570 1.

491 693 567 762 Nan
589 693 700 762 desint
721 693 827 785 epulis
848 715 946 762 rosae

534 805 609 874 Neu
630 805 733 874 vivax
754 806 864 895 apium
886 827 951 873 neu
972 806 1074 873 breve
1096 804 1217 890 lilium;

491 916 562 986 Neo
585 919 682 986 multi
703 917 854 985 Damalis
875 918 959 986 meri

534 1031 675 1099 Bassum
695 1030 850 1098 Threicia
872 1031 987 1098 vineat
1009 1029 1184 1119 amystide.

493 1195 613 1263 Omnes
634 1196 669 1262 in
692 1194 849 1263 Damalin
871 1201 987 1284 putres

534 1307 713 1397 Deponent
734 1307 853 1388 oeulos,
876 1327 937 1374 neo
959 1306 1110 1374 Damalis
1132 1329 1216 1372 novo

492 1419 683 1488 Divelletur
704 1418 866 1502 adultero,

535 1531 688 1601 Msoivie
707 1530 841 1600 hederis
860 1531 1074 1599 ambitiosior.

808 1891 1003 1970 XXXVIL

493 2047 590 2116 Nune
612 2055 666 2116 est
686 2047 872 2128 bibendum,
893 2071 980 2115 nuno
1001 2046 1086 2137 pede
1108 2047 1213 2114 libero

494 2159 664 2228 Pulsanda
685 2161 795 2242 tellus,
817 2183 904 2228 nuno
926 2157 1112 2227 Saliaribus

537 2271 665 2340 Ornere
687 2271 842 2361 pulvinar
864 2271 1000 2339 deorum

579 2385 722 2473 Tempus
745 2390 819 2453 erat
841 2384 990 2473 dapibus,
1012 2382 1152 2450 sodales.

493 2539 628 2608 Anthea
649 2540 744 2608 nefas
766 2539 959 2629 depromere
981 2538 1169 2608 Caecubum

495 2650 598 2720 Gellia
619 2651 730 2735 avitis,
752 2652 830 2720 dum
853 2649 1019 2742 Capitolio

538 2764 669 2852 Regina
692 2764 862 2834 dementes
883 2763 1005 2846 ruinae,

580 2875 694 2944 Funus
717 2884 752 2944 et
773 2877 911 2967 imperio
932 2877 1078 2966 parabat

496 3029 729 3100 contaminato
752 3055 825 3100 enm
846 3054 949 3120 grege
973 3031 1120 3120 turpium

495 3145 611 3212 Morbo
634 3145 789 3224 virorum,
812 3143 975 3234 quidlibet
996 3145 1150 3233 inpotens

539 3256 680 3346 Sperare
705 3257 905 3347 fortunaque
927 3257 1017 3325 dulei

580 3369 692 3436 Ebria.
735 3367 803 3436 Sed
823 3369 943 3436 minuit
962 3368 1107 3436 furorem

496 3524 563 3592 Vix
583 3547 651 3593 una
672 3547 785 3614 sospes
807 3524 903 3591 navis
926 3525 967 3590 ab
990 3523 1130 3610 ignibus,

495 3636 705 3727 Mentemque
726 3636 953 3726 “lymphatam
974 3635 1157 3703 Mareotico

539 3748 687 3836 Redegit
708 3749 743 3815 in
765 3770 863 3816 veros
884 3749 1021 3816 timores

583 3859 718 3942 Caesar,
740 3862 782 3928 ab
805 3861 906 3928 Italia
928 3861 1095 3928 volantem

497 4015 611 4084 Remis
633 4014 832 4103 adurgnena
854 4016 1015 4105 accipiter
1034 4015 1128 4082 velut

497 4127 615 4196 Molles
638 4128 805 4196 columbas
828 4134 886 4195 aut
910 4129 1056 4217 leporem
1079 4127 1165 4224 citus

540 4240 692 4309 Venator
716 4239 750 4307 in
773 4241 898 4329 campie
919 4239 1040 4307 nivalis

583 4351 797 4433 Haemoniae,
819 4351 917 4420 daret
937 4357 977 4418 ut
998 4351 1126 4456 eatenip

498 4506 614 4575 Fatale
636 4515 827 4575 monstrum.
871 4505 964 4589 Quae
987 4505 1180 4593 generosius

500 4618 615 4686 Perire
638 4641 801 4709 quaerens
822 4641 883 4686 neo
904 4618 1110 4686 muliebriter

542 4731 692 4820 Expavit
715 4753 826 4800 ensem
847 4753 908 4798 nee
929 4731 1074 4800 latentes

587 4843 702 4913 Classe
725 4845 793 4912 oita
815 4843 1005 4933 ireparavit
1028 4866 1111 4912 oras.
