3526 5468
328 851 359 904 15

916 421 1073 490 EPODON

556 607 628 677 Neo
649 609 695 678 sit
716 609 844 691 marita,
866 630 949 700 quae
968 611 1217 678 rotundioribus

599 720 728 789 Onusta
748 721 840 789 bacis
862 721 1015 790 ambulet

562 832 651 916 Quid
673 834 760 924 quod
782 833 887 901 libelli
909 833 1007 902 stoici
1028 833 1119 901 inter
1140 833 1262 902 sericos

597 946 714 1015 Iacere
735 947 892 1035 pulvillos
914 947 1052 1014 amant?

553 1057 741 1126 Inlitterati
762 1082 840 1126 num
860 1058 968 1146 magis
989 1058 1084 1126 nervi
1108 1058 1229 1144 rigent,

597 1169 750 1239 Minusve
772 1170 911 1257 languet
932 1169 1115 1239 fascinum?

554 1281 651 1365 Quod
672 1288 712 1350 ut
733 1284 875 1372 superbo
896 1304 1055 1372 provoces
1077 1283 1118 1348 ab
1142 1281 1287 1369 inguine,

597 1395 662 1462 Ore
684 1394 978 1463 adlaborandumst
997 1395 1069 1462 tibi

931 1808 1057 1884 VIIII.

554 1962 692 2048 Quando
714 1969 885 2052 repostum
907 1960 1092 2030 Caecubum
1115 1963 1158 2030 ad
1184 1964 1288 2031 festas
1313 1964 1416 2053 dapes

595 2077 733 2145 Victore
754 2076 865 2143 laetus
888 2072 1030 2142 Caesare

554 2190 676 2256 'lecum
697 2189 758 2255 sub
780 2187 851 2255 alta
872 2223 915 2232 -
938 2186 986 2254 sio
1006 2187 1082 2254 Iovi
1102 2194 1234 2275 gratum
1253 2225 1296 2235 -—
1314 2188 1417 2270 domo,

595 2300 703 2368 Beate
724 2301 909 2381 Maecenas,
930 2297 1041 2366 bibam

554 2411 700 2480 Sonante
722 2413 862 2479 mixtum
883 2410 976 2478 tibiis
999 2433 1130 2479 carmen
1151 2412 1235 2501 lyra,

594 2523 667 2593 Hao
689 2523 836 2606 Dorium,
858 2523 926 2591 illis
948 2523 1147 2592 barbarum?

552 2637 601 2705 Vt
622 2658 735 2727 nuper,
761 2642 856 2705 aotus
876 2659 949 2704 oum
970 2635 1057 2704 freto
1080 2636 1269 2727 Neptunius

595 2749 675 2817 Dux
695 2749 786 2836 fugit
806 2748 893 2816 ustis
914 2747 1064 2830 navibus,

550 2860 700 2929 Minatus
720 2861 797 2928 urbi
817 2860 933 2942 vinela,
955 2882 1039 2950 quae
1061 2860 1256 2930 detraxerat

596 2972 711 3042 Servis
731 2973 855 3041 amiens
876 2971 1021 3063 perfidis.

551 3083 722 3154 Romarm
744 3085 828 3154 eheu
849 3123 892 3132 —
914 3085 1042 3174 posteri
1063 3086 1232 3173 negabitis
1253 3123 1296 3134 -

595 3197 833 3287 Emancipatrs
854 3197 997 3267 feminae

552 3307 636 3378 Fert
656 3309 779 3380 vallum
801 3315 837 3378 et
859 3331 952 3378 arma
973 3309 1068 3377 miles
1090 3316 1125 3378 et
1147 3310 1345 3400 spadonibus

595 3407 730 3490 Servire
752 3421 885 3509 rugosis
905 3425 1026 3510 potest

552 3533 712 3625 Interque
735 3533 831 3622 signa
851 3539 950 3622 turpe
972 3531 1132 3601 militaria

595 3643 654 3714 Sol
672 3645 792 3734 aspioit
814 3644 994 3734 oonopiunu

551 3756 609 3825 Ad
625 3756 688 3825 hoo
708 3757 888 3824 frementes
910 3759 1085 3824 verterunt
1107 3755 1159 3823 bis
1181 3757 1271 3825 mille
1294 3780 1394 3849 equos

596 3868 697 3952 Galli,
719 3873 876 3938 canentes
898 3865 1082 3949 Gaesarem,

552 3980 797 4071 Hostiliumque
818 3979 951 4048 navium
973 3981 1091 4069 lportu
1112 3980 1220 4049 latent

596 4091 729 4183 Puppes
750 4093 978 4162 sinistrorsum
999 4093 1096 4161 uitae.

552 4207 591 4273 Io
612 4205 801 4295 Triumpho,
823 4213 863 4273 tu
884 4205 1023 4273 moraris
1045 4227 1164 4272 aureos

595 4316 720 4386 currus
744 4323 779 4385 et
799 4316 948 4385 intactas
969 4317 1094 4384 boves?

552 4430 589 4496 Io
612 4429 800 4518 Triumphe,
821 4451 881 4498 neo
903 4428 1097 4516 Iugurthini
1118 4449 1232 4517 parem

594 4541 683 4609 Belli
704 4541 886 4631 reportasti
908 4540 1024 4609 dueem

553 4653 670 4744 Neque
691 4651 894 4736 Affioanum,
916 4652 969 4720 oui
990 4674 1089 4742 super
1111 4651 1356 4739 Karthaginem

595 4765 713 4834 Virtus
735 4766 922 4855 sepulerum
944 4764 1100 4832 condidit
