3566 5460
775 409 892 474 LIBER
912 410 976 470 1111.

458 596 579 662 'l'otum
601 593 746 663 muneris
768 593 830 661 hoo
851 594 945 674 tuist,

501 706 598 790 Quod
619 711 784 776 monstror
807 705 915 792 digito
936 705 1221 795 praetereuntium

459 819 630 886 Romanae
651 818 772 887 fidieen
791 818 905 908 lyree;

502 929 598 1014 Quod
617 930 707 1022 spiro
732 935 768 999 et
788 929 913 1020 pleoeo,
933 929 964 1000 si
983 929 1106 1019 placeo,
1127 934 1264 998 tuumst

823 1293 914 1368 1111.

460 1447 600 1531 Qualem
621 1447 810 1516 ministrum
830 1447 978 1518 fulminis
1000 1449 1123 1531 alitem,

461 1559 523 1628 Cui
544 1582 605 1628 rex
627 1560 763 1629 deorum
783 1582 925 1648 regnum
948 1560 982 1628 in
1004 1584 1085 1630 sves
1105 1585 1212 1649 vegas

502 1671 662 1741 Permisit
684 1677 841 1761 expertus
862 1671 994 1742 fidelem

544 1784 699 1874 Iuppiter
720 1785 756 1852 in
777 1783 974 1875 Ganymede
999 1785 1095 1866 flavo,

460 1947 548 2016 Olim
569 1948 725 2017 iuventas
745 1953 781 2016 et
801 1949 933 2038 patrius
954 1947 1052 2036 vigor

460 2059 548 2130 Nido
570 2059 720 2130 laborum
742 2062 891 2150 propulit
911 2061 1059 2144 insoium,

372 2177 376 2184 '
504 2171 672 2264 Vernique
693 2173 760 2242 iam
782 2172 903 2242 nimbis
924 2174 1060 2242 remotis

546 2284 704 2354 Iusolitos
727 2285 868 2354 docuere
889 2286 982 2354 nisus

461 2448 565 2517 Venti
587 2455 774 2539 paventem,
795 2473 872 2518 mox
891 2450 926 2518 in
946 2449 1049 2520 ovilia

462 2560 607 2629 Demieit
625 2561 756 2630 hostem
777 2561 911 2630 vividus
933 2562 1085 2652 impetus,

505 2673 603 2741 Nune
623 2673 660 2740 in
680 2674 885 2743 reluotentes
906 2674 1066 2742 dracones

547 2784 631 2872 Egit
652 2808 745 2854 arnor
767 2785 864 2875 dapis
885 2792 985 2876 atque
1006 2807 1152 2876 pugnum

463 2940 644 3025 Qualemve
666 2940 767 3010 laetis
790 2963 910 3030 oaprea
935 2942 1067 3030 pascuis

462 3053 601 3122 Intenta
621 3053 734 3122 fulvae
754 3053 874 3121 matris
896 3054 937 3121 ab
959 3052 1060 3121 ubere

504 3165 576 3232 Iem
598 3165 702 3232 uate
724 3164 898 3254 depulsum
918 3165 1046 3234 leonem

548 3276 660 3345 Dente
682 3299 768 3346 novo
791 3277 940 3366 peritura
961 3276 1064 3345 vidit:

462 3431 588 3501 Videre
607 3429 728 3501 Raetis
747 3431 835 3501 bella
856 3433 917 3500 sub
939 3431 1082 3522 Alpibus

463 3545 610 3614 Drusum
631 3550 802 3632 gerentem
824 3543 1007 3630 Vindelioi;
1029 3543 1164 3635 *quibus

505 3655 580 3726 Mos
600 3655 688 3726 unde
710 3656 873 3726 deduotus
894 3679 955 3745 per
977 3678 1073 3726 omne

548 3767 692 3860 Tempus
713 3767 898 3838 Amazonia
919 3769 1028 3838 seeuri

464 3925 612 3993 Dextrae
634 3924 793 4006 obermet,
815 3947 975 4015 quaerere
998 3923 1122 4008 distuli,

465 4035 536 4105 Neo
558 4037 643 4105 seire
664 4037 717 4105 fas
739 4042 792 4104 eet
813 4038 929 4105 omnia
973 4034 1040 4105 Sed
1060 4037 1117 4105 diu

507 4147 661 4240 Iaeteque
682 4148 838 4218 victrices
860 4155 1018 4218 catervae

552 4259 708 4330 Consiliis
729 4261 860 4329 iuvenis
882 4261 1031 4330 revictae

466 4415 615 4498 Sonuere,
636 4416 714 4507 quid
735 4438 836 4498 mens,
857 4416 923 4484 rite
945 4393 1024 4508 quid
1044 4415 1172 4485 indoles

465 4527 605 4596 Nutrita
625 4529 747 4598 faustis
768 4529 827 4596 sub
849 4527 1074 4618 penetralibus

508 4641 634 4721 Posset
657 4640 737 4730 quid
757 4640 906 4726 Augusti
926 4646 1086 4727 paternus

550 4751 591 4820 In
613 4773 735 4844 pueros
755 4750 884 4819 enimus
906 4749 1064 4821 Nerones.
