<?xml version="1.0" encoding="UTF-8"?>
<!DOCTYPE html PUBLIC "-//W3C//DTD XHTML 1.0 Transitional//EN"
    "http://www.w3.org/TR/xhtml1/DTD/xhtml1-transitional.dtd">
<html xmlns="http://www.w3.org/1999/xhtml" xml:lang="en" lang="en">
 <head>
  <title>
</title>
<meta http-equiv="Content-Type" content="text/html;charset=utf-8" />
  <meta name='ocr-system' content='tesseract 3.04.00' />
  <meta name='ocr-capabilities' content='ocr_page ocr_carea ocr_par ocr_line ocrx_word'/>
</head>
<body>
  <div class='ocr_page' id='page_1' title='image "./odenundepoden01mlgoog_0105.png"; bbox 0 0 3526 5468; ppageno 0'>
   <div class='ocr_carea' id='block_1_1' title="bbox 793 499 997 562">
    <p class='ocr_par' dir='ltr' id='par_1_1' title="bbox 793 499 997 562">
     <span class='ocr_line' id='line_1_1' title="bbox 793 499 997 562; baseline -0.005 0"><span class='ocrx_word' id='word_1_1' title='bbox 793 499 912 562; x_wconf 81' lang='lat' dir='ltr'>LIBER</span> <span class='ocrx_word' id='word_1_2' title='bbox 932 499 997 562; x_wconf 86' lang='grc' dir='ltr'><strong>ΠΠ.</strong></span> 
     </span>
    </p>
   </div>
   <div class='ocr_carea' id='block_1_2' title="bbox 841 702 943 780">
    <p class='ocr_par' dir='ltr' id='par_1_2' title="bbox 841 702 943 780">
     <span class='ocr_line' id='line_1_2' title="bbox 841 702 943 780; baseline -0.02 0"><span class='ocrx_word' id='word_1_3' title='bbox 841 702 943 780; x_wconf 93' lang='lat' dir='ltr'>VIII.</span> 
     </span>
    </p>
   </div>
   <div class='ocr_carea' id='block_1_3' title="bbox 501 839 1242 1268">
    <p class='ocr_par' dir='ltr' id='par_1_3' title="bbox 501 839 1242 1268">
     <span class='ocr_line' id='line_1_3' title="bbox 501 839 1224 932; baseline -0.001 -24"><span class='ocrx_word' id='word_1_4' title='bbox 501 841 669 910; x_wconf 82' lang='lat' dir='ltr'><strong>Donarem</strong></span> <span class='ocrx_word' id='word_1_5' title='bbox 691 848 826 931; x_wconf 86' lang='lat' dir='ltr'><strong>pateras</strong></span> <span class='ocrx_word' id='word_1_6' title='bbox 846 848 1008 932; x_wconf 81' lang='lat' dir='ltr'><strong>grataque</strong></span> <span class='ocrx_word' id='word_1_7' title='bbox 1029 839 1224 923; x_wconf 76' lang='lat' dir='ltr'><strong>commodus,</strong></span> 
     </span>
     <span class='ocr_line' id='line_1_4' title="bbox 503 952 1095 1036; baseline -0.002 -15"><span class='ocrx_word' id='word_1_8' title='bbox 503 953 691 1036; x_wconf 85' lang='lat' dir='ltr'><strong>Censoriae,</strong></span> <span class='ocrx_word' id='word_1_9' title='bbox 714 955 796 1022; x_wconf 89' lang='lat' dir='ltr'><strong>meis</strong></span> <span class='ocrx_word' id='word_1_10' title='bbox 818 976 898 1022; x_wconf 89' lang='lat' dir='ltr'><strong>aera</strong></span> <span class='ocrx_word' id='word_1_11' title='bbox 919 952 1095 1034; x_wconf 84' lang='lat' dir='ltr'><strong>sodalibus,</strong></span> 
     </span>
     <span class='ocr_line' id='line_1_5' title="bbox 501 1065 1180 1156; baseline -0.003 -23"><span class='ocrx_word' id='word_1_12' title='bbox 501 1067 670 1135; x_wconf 87' lang='lat' dir='ltr'><strong>Donarem</strong></span> <span class='ocrx_word' id='word_1_13' title='bbox 692 1067 850 1156; x_wconf 74' lang='lat' dir='ltr'><strong>tripodas,</strong></span> <span class='ocrx_word' id='word_1_14' title='bbox 874 1065 1023 1148; x_wconf 89' lang='lat' dir='ltr'><strong>praemia</strong></span> <span class='ocrx_word' id='word_1_15' title='bbox 1044 1065 1180 1132; x_wconf 79' lang='lat' dir='ltr'><strong>fortium</strong></span> 
     </span>
     <span class='ocr_line' id='line_1_6' title="bbox 504 1176 1242 1268; baseline 0.003 -24"><span class='ocrx_word' id='word_1_16' title='bbox 504 1176 690 1260; x_wconf 84' lang='lat' dir='ltr'><strong>Graiorum,</strong></span> <span class='ocrx_word' id='word_1_17' title='bbox 712 1201 819 1268; x_wconf 88' lang='lat' dir='ltr'><strong>neque</strong></span> <span class='ocrx_word' id='word_1_18' title='bbox 840 1184 881 1246; x_wconf 93' lang='lat' dir='ltr'><strong>tu</strong></span> <span class='ocrx_word' id='word_1_19' title='bbox 902 1178 1048 1268; x_wconf 87' lang='lat' dir='ltr'><strong>pessima</strong></span> <span class='ocrx_word' id='word_1_20' title='bbox 1070 1199 1242 1246; x_wconf 86' lang='lat' dir='ltr'><strong>munerum</strong></span> 
     </span>
    </p>
   </div>
   <div class='ocr_carea' id='block_1_4' title="bbox 501 1331 1308 1758">
    <p class='ocr_par' dir='ltr' id='par_1_4' title="bbox 502 1331 1133 1414">
     <span class='ocr_line' id='line_1_7' title="bbox 502 1331 1133 1414; baseline 0 -14"><span class='ocrx_word' id='word_1_21' title='bbox 502 1333 623 1402; x_wconf 86' lang='lat' dir='ltr'><strong>Ferres</strong></span> <span class='ocrx_word' id='word_1_22' title='bbox 646 1333 751 1402; x_wconf 88' lang='lat' dir='ltr'><strong>divite</strong></span> <span class='ocrx_word' id='word_1_23' title='bbox 773 1355 825 1401; x_wconf 89' lang='lat' dir='ltr'><strong>me</strong></span> <span class='ocrx_word' id='word_1_24' title='bbox 848 1333 977 1401; x_wconf 85' lang='lat' dir='ltr'><strong>scilieet</strong></span> <span class='ocrx_word' id='word_1_25' title='bbox 1000 1331 1133 1414; x_wconf 89' lang='lat' dir='ltr'><strong>artium,</strong></span> 
     </span>
    </p>

    <p class='ocr_par' dir='ltr' id='par_1_5' title="bbox 501 1441 1302 1648">
     <span class='ocr_line' id='line_1_8' title="bbox 503 1441 1302 1534; baseline -0.004 -19"><span class='ocrx_word' id='word_1_26' title='bbox 503 1445 595 1529; x_wconf 79' lang='lat' dir='ltr'><strong>Quas</strong></span> <span class='ocrx_word' id='word_1_27' title='bbox 618 1453 678 1514; x_wconf 84' lang='lat' dir='ltr'><strong>aut</strong></span> <span class='ocrx_word' id='word_1_28' title='bbox 699 1446 900 1514; x_wconf 86' lang='lat' dir='ltr'><strong>Parrhasius</strong></span> <span class='ocrx_word' id='word_1_29' title='bbox 921 1445 1065 1534; x_wconf 90' lang='lat' dir='ltr'><strong>protulit</strong></span> <span class='ocrx_word' id='word_1_30' title='bbox 1086 1449 1147 1511; x_wconf 90' lang='lat' dir='ltr'><strong>eut</strong></span> <span class='ocrx_word' id='word_1_31' title='bbox 1169 1441 1302 1534; x_wconf 83' lang='lat' dir='ltr'><strong>Scopas,</strong></span> 
     </span>
     <span class='ocr_line' id='line_1_9' title="bbox 501 1555 1099 1648; baseline 0 -24"><span class='ocrx_word' id='word_1_32' title='bbox 501 1557 567 1626; x_wconf 88' lang='lat' dir='ltr'><strong>Hie</strong></span> <span class='ocrx_word' id='word_1_33' title='bbox 587 1583 676 1640; x_wconf 80' lang='lat' dir='ltr'><strong>saxo,</strong></span> <span class='ocrx_word' id='word_1_34' title='bbox 696 1557 833 1648; x_wconf 81' lang='lat' dir='ltr'>liquidis</span> <span class='ocrx_word' id='word_1_35' title='bbox 854 1558 912 1624; x_wconf 90' lang='lat' dir='ltr'><strong>ille</strong></span> <span class='ocrx_word' id='word_1_36' title='bbox 936 1555 1099 1624; x_wconf 80' lang='lat' dir='ltr'><strong>coloribus</strong></span> 
     </span>
    </p>

    <p class='ocr_par' dir='ltr' id='par_1_6' title="bbox 502 1667 1308 1758">
     <span class='ocr_line' id='line_1_10' title="bbox 502 1667 1308 1758; baseline -0.004 -20"><span class='ocrx_word' id='word_1_37' title='bbox 502 1668 627 1739; x_wconf 77' lang='lat' dir='ltr'>Sollers</span> <span class='ocrx_word' id='word_1_38' title='bbox 650 1693 737 1738; x_wconf 89' lang='lat' dir='ltr'><strong>nuno</strong></span> <span class='ocrx_word' id='word_1_39' title='bbox 757 1670 922 1738; x_wconf 90' lang='lat' dir='ltr'><strong>hominem</strong></span> <span class='ocrx_word' id='word_1_40' title='bbox 943 1690 1075 1758; x_wconf 88' lang='lat' dir='ltr'><strong>ponere,</strong></span> <span class='ocrx_word' id='word_1_41' title='bbox 1097 1691 1184 1736; x_wconf 89' lang='lat' dir='ltr'><strong>nuno</strong></span> <span class='ocrx_word' id='word_1_42' title='bbox 1202 1667 1308 1736; x_wconf 90' lang='lat' dir='ltr'><strong>deum.</strong></span> 
     </span>
    </p>
   </div>
   <div class='ocr_carea' id='block_1_5' title="bbox 502 1823 1240 2251">
    <p class='ocr_par' dir='ltr' id='par_1_7' title="bbox 502 1823 1240 2251">
     <span class='ocr_line' id='line_1_11' title="bbox 502 1823 1240 1894; baseline -0.004 -1"><span class='ocrx_word' id='word_1_43' title='bbox 502 1823 568 1893; x_wconf 87' lang='lat' dir='ltr'><strong>Sed</strong></span> <span class='ocrx_word' id='word_1_44' title='bbox 591 1849 656 1892; x_wconf 90' lang='lat' dir='ltr'><strong>non</strong></span> <span class='ocrx_word' id='word_1_45' title='bbox 675 1826 760 1894; x_wconf 86' lang='lat' dir='ltr'><strong>haee</strong></span> <span class='ocrx_word' id='word_1_46' title='bbox 778 1825 859 1893; x_wconf 92' lang='lat' dir='ltr'><strong>mibi</strong></span> <span class='ocrx_word' id='word_1_47' title='bbox 880 1823 933 1892; x_wconf 91' lang='lat' dir='ltr'><strong>vis</strong></span> <span class='ocrx_word' id='word_1_48' title='bbox 956 1845 1016 1891; x_wconf 86' lang='lat' dir='ltr'><strong>neo</strong></span> <span class='ocrx_word' id='word_1_49' title='bbox 1037 1823 1100 1890; x_wconf 91' lang='lat' dir='ltr'><strong>tibi</strong></span> <span class='ocrx_word' id='word_1_50' title='bbox 1122 1823 1240 1890; x_wconf 90' lang='lat' dir='ltr'><strong>talium</strong></span> 
     </span>
     <span class='ocr_line' id='line_1_12' title="bbox 502 1936 1227 2022; baseline -0.003 -18"><span class='ocrx_word' id='word_1_51' title='bbox 502 1937 571 2005; x_wconf 87' lang='lat' dir='ltr'><strong>Res</strong></span> <span class='ocrx_word' id='word_1_52' title='bbox 594 1944 646 2006; x_wconf 86' lang='lat' dir='ltr'><strong>est</strong></span> <span class='ocrx_word' id='word_1_53' title='bbox 667 1945 729 2006; x_wconf 88' lang='lat' dir='ltr'><strong>aut</strong></span> <span class='ocrx_word' id='word_1_54' title='bbox 751 1938 879 2004; x_wconf 89' lang='lat' dir='ltr'><strong>enimus</strong></span> <span class='ocrx_word' id='word_1_55' title='bbox 901 1936 1094 2005; x_wconf 78' lang='lat' dir='ltr'><strong>deliciarum</strong></span> <span class='ocrx_word' id='word_1_56' title='bbox 1116 1957 1227 2022; x_wconf 83' lang='lat' dir='ltr'><strong>egens.</strong></span> 
     </span>
     <span class='ocr_line' id='line_1_13' title="bbox 504 2048 1239 2137; baseline -0.001 -20"><span class='ocrx_word' id='word_1_57' title='bbox 504 2049 639 2118; x_wconf 83' lang='lat' dir='ltr'><strong>Gaudes</strong></span> <span class='ocrx_word' id='word_1_58' title='bbox 661 2049 874 2132; x_wconf 77' lang='lat' dir='ltr'><strong>earminibus3</strong></span> <span class='ocrx_word' id='word_1_59' title='bbox 897 2048 1044 2116; x_wconf 84' lang='lat' dir='ltr'><strong>earmina</strong></span> <span class='ocrx_word' id='word_1_60' title='bbox 1065 2071 1239 2137; x_wconf 89' lang='lat' dir='ltr'><strong>possumus</strong></span> 
     </span>
     <span class='ocr_line' id='line_1_14' title="bbox 502 2160 1152 2251; baseline -0.003 -23"><span class='ocrx_word' id='word_1_61' title='bbox 502 2161 638 2230; x_wconf 91' lang='lat' dir='ltr'><strong>Donare</strong></span> <span class='ocrx_word' id='word_1_62' title='bbox 661 2169 697 2231; x_wconf 91' lang='lat' dir='ltr'><strong>et</strong></span> <span class='ocrx_word' id='word_1_63' title='bbox 718 2162 864 2251; x_wconf 91' lang='lat' dir='ltr'><strong>pretium</strong></span> <span class='ocrx_word' id='word_1_64' title='bbox 886 2160 997 2228; x_wconf 89' lang='lat' dir='ltr'><strong>dioere</strong></span> <span class='ocrx_word' id='word_1_65' title='bbox 1016 2160 1152 2228; x_wconf 89' lang='lat' dir='ltr'><strong>muneri.</strong></span> 
     </span>
    </p>
   </div>
   <div class='ocr_carea' id='block_1_6' title="bbox 502 2315 1288 2746">
    <p class='ocr_par' dir='ltr' id='par_1_8' title="bbox 503 2315 1175 2404">
     <span class='ocr_line' id='line_1_15' title="bbox 503 2315 1175 2404; baseline -0.004 -20"><span class='ocrx_word' id='word_1_66' title='bbox 503 2315 578 2385; x_wconf 87' lang='lat' dir='ltr'><strong>Non</strong></span> <span class='ocrx_word' id='word_1_67' title='bbox 601 2318 707 2386; x_wconf 87' lang='lat' dir='ltr'><strong>ineisa</strong></span> <span class='ocrx_word' id='word_1_68' title='bbox 728 2317 818 2385; x_wconf 89' lang='lat' dir='ltr'><strong>notis</strong></span> <span class='ocrx_word' id='word_1_69' title='bbox 839 2329 1005 2384; x_wconf 85' lang='lat' dir='ltr'><strong>marmora</strong></span> <span class='ocrx_word' id='word_1_70' title='bbox 1025 2315 1175 2404; x_wconf 75' lang='lat' dir='ltr'>publicis,</span> 
     </span>
    </p>

    <p class='ocr_par' dir='ltr' id='par_1_9' title="bbox 502 2426 1288 2746">
     <span class='ocr_line' id='line_1_16' title="bbox 503 2426 1217 2520; baseline 0 -26"><span class='ocrx_word' id='word_1_71' title='bbox 503 2429 568 2498; x_wconf 90' lang='lat' dir='ltr'><strong>Per</strong></span> <span class='ocrx_word' id='word_1_72' title='bbox 591 2451 677 2520; x_wconf 87' lang='lat' dir='ltr'><strong>quse</strong></span> <span class='ocrx_word' id='word_1_73' title='bbox 699 2428 838 2519; x_wconf 87' lang='lat' dir='ltr'><strong>spiritns</strong></span> <span class='ocrx_word' id='word_1_74' title='bbox 860 2434 896 2496; x_wconf 92' lang='lat' dir='ltr'><strong>et</strong></span> <span class='ocrx_word' id='word_1_75' title='bbox 917 2427 991 2496; x_wconf 89' lang='lat' dir='ltr'><strong>vita</strong></span> <span class='ocrx_word' id='word_1_76' title='bbox 1011 2426 1102 2495; x_wconf 90' lang='lat' dir='ltr'><strong>redit</strong></span> <span class='ocrx_word' id='word_1_77' title='bbox 1122 2427 1217 2495; x_wconf 89' lang='lat' dir='ltr'><strong>bonis</strong></span> 
     </span>
     <span class='ocr_line' id='line_1_17' title="bbox 503 2538 1285 2628; baseline -0.003 -20"><span class='ocrx_word' id='word_1_78' title='bbox 503 2541 584 2610; x_wconf 88' lang='lat' dir='ltr'><strong>Post</strong></span> <span class='ocrx_word' id='word_1_79' title='bbox 605 2548 745 2610; x_wconf 87' lang='lat' dir='ltr'><strong>mortem</strong></span> <span class='ocrx_word' id='word_1_80' title='bbox 768 2541 913 2622; x_wconf 87' lang='lat' dir='ltr'><strong>duoibus,</strong></span> <span class='ocrx_word' id='word_1_81' title='bbox 938 2538 1015 2628; x_wconf 90' lang='lat' dir='ltr'><strong>[non</strong></span> <span class='ocrx_word' id='word_1_82' title='bbox 1037 2539 1162 2608; x_wconf 82' lang='lat' dir='ltr'><strong>celeres</strong></span> <span class='ocrx_word' id='word_1_83' title='bbox 1184 2539 1285 2626; x_wconf 75' lang='lat' dir='ltr'><strong>fugae</strong></span> 
     </span>
     <span class='ocr_line' id='line_1_18' title="bbox 502 2651 1288 2746; baseline -0.005 -24"><span class='ocrx_word' id='word_1_84' title='bbox 502 2653 728 2746; x_wconf 83' lang='lat' dir='ltr'><strong>Reieotaeque</strong></span> <span class='ocrx_word' id='word_1_85' title='bbox 749 2659 932 2721; x_wconf 77' lang='lat' dir='ltr'><strong>retrorsum</strong></span> <span class='ocrx_word' id='word_1_86' title='bbox 954 2651 1151 2720; x_wconf 72' lang='lat' dir='ltr'><strong>Hannibalis</strong></span> <span class='ocrx_word' id='word_1_87' title='bbox 1171 2651 1288 2733; x_wconf 88' lang='lat' dir='ltr'><strong>minae,</strong></span> 
     </span>
    </p>
   </div>
   <div class='ocr_carea' id='block_1_7' title="bbox 503 2763 1251 3194">
    <p class='ocr_par' dir='ltr' id='par_1_10' title="bbox 503 2763 1131 2853">
     <span class='ocr_line' id='line_1_19' title="bbox 503 2763 1131 2853; baseline -0.003 -19"><span class='ocrx_word' id='word_1_88' title='bbox 503 2765 579 2834; x_wconf 89' lang='lat' dir='ltr'><strong>Non</strong></span> <span class='ocrx_word' id='word_1_89' title='bbox 600 2766 755 2836; x_wconf 82' lang='lat' dir='ltr'><strong>incendia</strong></span> <span class='ocrx_word' id='word_1_90' title='bbox 775 2764 999 2853; x_wconf 76' lang='lat' dir='ltr'><strong>Karthaginis</strong></span> <span class='ocrx_word' id='word_1_91' title='bbox 1019 2763 1131 2853; x_wconf 86' lang='lat' dir='ltr'><strong>inpiae</strong></span> 
     </span>
    </p>

    <p class='ocr_par' dir='ltr' id='par_1_11' title="bbox 503 2875 1251 3194">
     <span class='ocr_line' id='line_1_20' title="bbox 503 2875 1168 2970; baseline -0.006 -23"><span class='ocrx_word' id='word_1_92' title='bbox 503 2879 594 2962; x_wconf 86' lang='lat' dir='ltr'><strong>Eius,</strong></span> <span class='ocrx_word' id='word_1_93' title='bbox 616 2879 673 2970; x_wconf 92' lang='lat' dir='ltr'><strong>qui</strong></span> <span class='ocrx_word' id='word_1_94' title='bbox 696 2878 822 2948; x_wconf 83' lang='lat' dir='ltr'><strong>domita</strong></span> <span class='ocrx_word' id='word_1_95' title='bbox 843 2899 962 2946; x_wconf 91' lang='lat' dir='ltr'><strong>nomen</strong></span> <span class='ocrx_word' id='word_1_96' title='bbox 985 2877 1026 2944; x_wconf 87' lang='lat' dir='ltr'><strong>ab</strong></span> <span class='ocrx_word' id='word_1_97' title='bbox 1050 2875 1168 2943; x_wconf 82' lang='lat' dir='ltr'><strong>Afrioa</strong></span> 
     </span>
     <span class='ocr_line' id='line_1_21' title="bbox 504 2987 1133 3077; baseline -0.006 -19"><span class='ocrx_word' id='word_1_98' title='bbox 504 2991 669 3060; x_wconf 84' lang='lat' dir='ltr'><strong>Lucratus</strong></span> <span class='ocrx_word' id='word_1_99' title='bbox 690 2987 813 3077; x_wconf 77' lang='lat' dir='ltr'><strong>rediit]</strong></span> <span class='ocrx_word' id='word_1_100' title='bbox 837 2988 960 3057; x_wconf 88' lang='lat' dir='ltr'><strong>elarius</strong></span> <span class='ocrx_word' id='word_1_101' title='bbox 981 2988 1133 3055; x_wconf 85' lang='lat' dir='ltr'><strong>indicant</strong></span> 
     </span>
     <span class='ocr_line' id='line_1_22' title="bbox 505 3099 1251 3194; baseline -0.003 -24"><span class='ocrx_word' id='word_1_102' title='bbox 505 3103 637 3173; x_wconf 86' lang='lat' dir='ltr'><strong>Laudes</strong></span> <span class='ocrx_word' id='word_1_103' title='bbox 658 3126 754 3194; x_wconf 88' lang='lat' dir='ltr'><strong>quam</strong></span> <span class='ocrx_word' id='word_1_104' title='bbox 776 3100 939 3170; x_wconf 84' lang='lat' dir='ltr'><strong>Calabrae</strong></span> <span class='ocrx_word' id='word_1_105' title='bbox 961 3099 1113 3168; x_wconf 88' lang='lat' dir='ltr'><strong>Pierides</strong></span> <span class='ocrx_word' id='word_1_106' title='bbox 1135 3121 1251 3190; x_wconf 89' lang='lat' dir='ltr'><strong>neque,</strong></span> 
     </span>
    </p>
   </div>
   <div class='ocr_carea' id='block_1_8' title="bbox 503 3255 1204 3664">
    <p class='ocr_par' dir='ltr' id='par_1_12' title="bbox 503 3255 1204 3664">
     <span class='ocr_line' id='line_1_23' title="bbox 504 3255 1204 3348; baseline -0.009 -20"><span class='ocrx_word' id='word_1_107' title='bbox 504 3259 541 3327; x_wconf 86' lang='lat' dir='ltr'><strong>Si</strong></span> <span class='ocrx_word' id='word_1_108' title='bbox 563 3259 698 3328; x_wconf 82' lang='lat' dir='ltr'><strong>chartae</strong></span> <span class='ocrx_word' id='word_1_109' title='bbox 720 3259 842 3327; x_wconf 75' lang='lat' dir='ltr'><strong>sileant</strong></span> <span class='ocrx_word' id='word_1_110' title='bbox 863 3257 950 3348; x_wconf 91' lang='lat' dir='ltr'><strong>quod</strong></span> <span class='ocrx_word' id='word_1_111' title='bbox 971 3257 1055 3323; x_wconf 90' lang='lat' dir='ltr'><strong>bene</strong></span> <span class='ocrx_word' id='word_1_112' title='bbox 1076 3255 1204 3337; x_wconf 80' lang='lat' dir='ltr'><strong>feceris,</strong></span> 
     </span>
     <span class='ocr_line' id='line_1_24' title="bbox 503 3367 1186 3452; baseline -0.006 -14"><span class='ocrx_word' id='word_1_113' title='bbox 503 3371 691 3440; x_wconf 83' lang='lat' dir='ltr'><strong>Mercedem</strong></span> <span class='ocrx_word' id='word_1_114' title='bbox 710 3369 838 3439; x_wconf 89' lang='lat' dir='ltr'><strong>tuleris.</strong></span> <span class='ocrx_word' id='word_1_115' title='bbox 882 3368 972 3452; x_wconf 79' lang='lat' dir='ltr'><strong>Quid</strong></span> <span class='ocrx_word' id='word_1_116' title='bbox 993 3369 1081 3436; x_wconf 86' lang='lat' dir='ltr'><strong>foret</strong></span> <span class='ocrx_word' id='word_1_117' title='bbox 1101 3367 1186 3436; x_wconf 88' lang='lat' dir='ltr'><strong>Iliae</strong></span> 
     </span>
     <span class='ocr_line' id='line_1_25' title="bbox 503 3480 1136 3574; baseline -0.008 -22"><span class='ocrx_word' id='word_1_118' title='bbox 503 3483 733 3574; x_wconf 81' lang='lat' dir='ltr'><strong>Mavortisque</strong></span> <span class='ocrx_word' id='word_1_119' title='bbox 755 3504 846 3572; x_wconf 84' lang='lat' dir='ltr'><strong>puer,</strong></span> <span class='ocrx_word' id='word_1_120' title='bbox 869 3481 899 3549; x_wconf 91' lang='lat' dir='ltr'><strong>si</strong></span> <span class='ocrx_word' id='word_1_121' title='bbox 919 3480 1136 3548; x_wconf 81' lang='lat' dir='ltr'><strong>taciturnitas</strong></span> 
     </span>
     <span class='ocr_line' id='line_1_26' title="bbox 505 3593 1133 3664; baseline -0.003 -2"><span class='ocrx_word' id='word_1_122' title='bbox 505 3594 666 3664; x_wconf 86' lang='lat' dir='ltr'><strong>Obstaret</strong></span> <span class='ocrx_word' id='word_1_123' title='bbox 686 3593 816 3663; x_wconf 89' lang='lat' dir='ltr'><strong>meritis</strong></span> <span class='ocrx_word' id='word_1_124' title='bbox 837 3593 954 3662; x_wconf 86' lang='lat' dir='ltr'><strong>invide</strong></span> <span class='ocrx_word' id='word_1_125' title='bbox 974 3593 1133 3661; x_wconf 82' lang='lat' dir='ltr'><strong>Romuli?</strong></span> 
     </span>
    </p>
   </div>
   <div class='ocr_carea' id='block_1_9' title="bbox 503 3747 1248 4176">
    <p class='ocr_par' dir='ltr' id='par_1_13' title="bbox 503 3747 1248 4176">
     <span class='ocr_line' id='line_1_27' title="bbox 503 3747 1167 3840; baseline -0.006 -21"><span class='ocrx_word' id='word_1_126' title='bbox 503 3751 666 3840; x_wconf 80' lang='lat' dir='ltr'><strong>Ereptum</strong></span> <span class='ocrx_word' id='word_1_127' title='bbox 688 3748 819 3840; x_wconf 82' lang='lat' dir='ltr'><strong>Stygiis</strong></span> <span class='ocrx_word' id='word_1_128' title='bbox 841 3749 997 3816; x_wconf 89' lang='lat' dir='ltr'><strong>fluetibus</strong></span> <span class='ocrx_word' id='word_1_129' title='bbox 1019 3747 1167 3815; x_wconf 86' lang='lat' dir='ltr'><strong>Aeaeum</strong></span> 
     </span>
     <span class='ocr_line' id='line_1_28' title="bbox 504 3861 1201 3949; baseline -0.007 -18"><span class='ocrx_word' id='word_1_130' title='bbox 504 3862 622 3931; x_wconf 85' lang='lat' dir='ltr'><strong>Virtus</strong></span> <span class='ocrx_word' id='word_1_131' title='bbox 645 3869 681 3930; x_wconf 93' lang='lat' dir='ltr'><strong>et</strong></span> <span class='ocrx_word' id='word_1_132' title='bbox 701 3863 798 3930; x_wconf 78' lang='lat' dir='ltr'><strong>favor</strong></span> <span class='ocrx_word' id='word_1_133' title='bbox 820 3868 855 3930; x_wconf 95' lang='lat' dir='ltr'><strong>et</strong></span> <span class='ocrx_word' id='word_1_134' title='bbox 876 3861 993 3948; x_wconf 82' lang='lat' dir='ltr'><strong>lingua</strong></span> <span class='ocrx_word' id='word_1_135' title='bbox 1015 3861 1201 3949; x_wconf 88' lang='lat' dir='ltr'><strong>potentium</strong></span> 
     </span>
     <span class='ocr_line' id='line_1_29' title="bbox 503 3972 1150 4043; baseline -0.005 -1"><span class='ocrx_word' id='word_1_136' title='bbox 503 3974 628 4043; x_wconf 88' lang='lat' dir='ltr'><strong>Vatum</strong></span> <span class='ocrx_word' id='word_1_137' title='bbox 649 3974 810 4042; x_wconf 90' lang='lat' dir='ltr'><strong>divitibus</strong></span> <span class='ocrx_word' id='word_1_138' title='bbox 834 3979 1005 4042; x_wconf 90' lang='lat' dir='ltr'><strong>oonseorat</strong></span> <span class='ocrx_word' id='word_1_139' title='bbox 1024 3972 1150 4040; x_wconf 86' lang='lat' dir='ltr'><strong>insulis.</strong></span> 
     </span>
     <span class='ocr_line' id='line_1_30' title="bbox 505 4084 1248 4176; baseline -0.007 -21"><span class='ocrx_word' id='word_1_140' title='bbox 505 4087 652 4176; x_wconf 82' lang='lat' dir='ltr'><strong>Dignum</strong></span> <span class='ocrx_word' id='word_1_141' title='bbox 672 4087 770 4155; x_wconf 84' lang='lat' dir='ltr'><strong>laude</strong></span> <span class='ocrx_word' id='word_1_142' title='bbox 791 4086 898 4153; x_wconf 88' lang='lat' dir='ltr'><strong>virum</strong></span> <span class='ocrx_word' id='word_1_143' title='bbox 920 4084 1018 4153; x_wconf 87' lang='lat' dir='ltr'><strong>Musa</strong></span> <span class='ocrx_word' id='word_1_144' title='bbox 1039 4090 1137 4152; x_wconf 87' lang='lat' dir='ltr'><strong>vetet</strong></span> <span class='ocrx_word' id='word_1_145' title='bbox 1157 4085 1248 4152; x_wconf 90' lang='lat' dir='ltr'><strong>mori.</strong></span> 
     </span>
    </p>
   </div>
   <div class='ocr_carea' id='block_1_10' title="bbox 504 4239 1235 4872">
    <p class='ocr_par' dir='ltr' id='par_1_14' title="bbox 504 4239 1235 4872">
     <span class='ocr_line' id='line_1_31' title="bbox 505 4239 1207 4312; baseline -0.006 -2"><span class='ocrx_word' id='word_1_146' title='bbox 505 4241 606 4311; x_wconf 86' lang='lat' dir='ltr'><strong>Oeelo</strong></span> <span class='ocrx_word' id='word_1_147' title='bbox 628 4243 726 4312; x_wconf 82' lang='lat' dir='ltr'><strong>Musa</strong></span> <span class='ocrx_word' id='word_1_148' title='bbox 745 4241 831 4309; x_wconf 89' lang='lat' dir='ltr'><strong>beat.</strong></span> <span class='ocrx_word' id='word_1_149' title='bbox 875 4239 931 4309; x_wconf 87' lang='lat' dir='ltr'><strong>Sio</strong></span> <span class='ocrx_word' id='word_1_150' title='bbox 950 4239 1042 4308; x_wconf 88' lang='lat' dir='ltr'><strong>Iovis</strong></span> <span class='ocrx_word' id='word_1_151' title='bbox 1064 4241 1207 4308; x_wconf 91' lang='lat' dir='ltr'><strong>interest</strong></span> 
     </span>
     <span class='ocr_line' id='line_1_32' title="bbox 505 4351 1117 4445; baseline -0.008 -21"><span class='ocrx_word' id='word_1_152' title='bbox 505 4353 639 4445; x_wconf 89' lang='lat' dir='ltr'><strong>Optatis</strong></span> <span class='ocrx_word' id='word_1_153' title='bbox 661 4354 769 4444; x_wconf 89' lang='lat' dir='ltr'><strong>epulis</strong></span> <span class='ocrx_word' id='word_1_154' title='bbox 790 4353 923 4442; x_wconf 84' lang='lat' dir='ltr'><strong>inpiger</strong></span> <span class='ocrx_word' id='word_1_155' title='bbox 946 4351 1117 4433; x_wconf 70' lang='lat' dir='ltr'><strong>Heroides,</strong></span> 
     </span>
     <span class='ocr_line' id='line_1_33' title="bbox 506 4464 1221 4556; baseline -0.007 -20"><span class='ocrx_word' id='word_1_156' title='bbox 506 4465 659 4536; x_wconf 63' lang='lat' dir='ltr'><strong>*Clarum</strong></span> <span class='ocrx_word' id='word_1_157' title='bbox 681 4465 896 4556; x_wconf 76' lang='lat' dir='ltr'><strong>Tyndaridae</strong></span> <span class='ocrx_word' id='word_1_158' title='bbox 918 4465 1010 4532; x_wconf 87' lang='lat' dir='ltr'><strong>sidus</strong></span> <span class='ocrx_word' id='word_1_159' title='bbox 1034 4465 1076 4532; x_wconf 91' lang='lat' dir='ltr'><strong>eh</strong></span> <span class='ocrx_word' id='word_1_160' title='bbox 1099 4464 1221 4532; x_wconf 89' lang='lat' dir='ltr'><strong>infimis</strong></span> 
     </span>
     <span class='ocr_line' id='line_1_34' title="bbox 506 4555 1235 4668; baseline -0.003 -22"><span class='ocrx_word' id='word_1_161' title='bbox 506 4579 673 4663; x_wconf 66' lang='lat' dir='ltr'><strong>iQuassus</strong></span> <span class='ocrx_word' id='word_1_162' title='bbox 695 4577 843 4668; x_wconf 87' lang='lat' dir='ltr'><strong>eripiunt</strong></span> <span class='ocrx_word' id='word_1_163' title='bbox 865 4577 1063 4666; x_wconf 84' lang='lat' dir='ltr'><strong>aequoribus</strong></span> <span class='ocrx_word' id='word_1_164' title='bbox 1084 4583 1185 4658; x_wconf 69' lang='lat' dir='ltr'><strong>rates</strong></span> <span class='ocrx_word' id='word_1_165' title='bbox 1232 4555 1235 4564; x_wconf 20' lang='grc' dir='ltr'><strong><em>Δ</em></strong></span> 
     </span>
     <span class='ocr_line' id='line_1_35' title="bbox 505 4687 1146 4779; baseline -0.003 -22"><span class='ocrx_word' id='word_1_166' title='bbox 505 4689 665 4778; x_wconf 88' lang='lat' dir='ltr'><strong>[Ornatus</strong></span> <span class='ocrx_word' id='word_1_167' title='bbox 688 4690 788 4758; x_wconf 86' lang='lat' dir='ltr'><strong>viridi</strong></span> <span class='ocrx_word' id='word_1_168' title='bbox 808 4696 960 4779; x_wconf 88' lang='lat' dir='ltr'><strong>tempora</strong></span> <span class='ocrx_word' id='word_1_169' title='bbox 980 4687 1146 4778; x_wconf 87' lang='lat' dir='ltr'><strong>pampino]</strong></span> 
     </span>
     <span class='ocr_line' id='line_1_36' title="bbox 504 4801 1152 4872; baseline -0.002 -3"><span class='ocrx_word' id='word_1_170' title='bbox 504 4802 606 4871; x_wconf 86' lang='lat' dir='ltr'><strong>Liber</strong></span> <span class='ocrx_word' id='word_1_171' title='bbox 624 4809 705 4872; x_wconf 86' lang='lat' dir='ltr'><strong>vota</strong></span> <span class='ocrx_word' id='word_1_172' title='bbox 726 4805 830 4871; x_wconf 89' lang='lat' dir='ltr'><strong>bonos</strong></span> <span class='ocrx_word' id='word_1_173' title='bbox 852 4801 944 4870; x_wconf 86' lang='lat' dir='ltr'><strong>ducit</strong></span> <span class='ocrx_word' id='word_1_174' title='bbox 967 4801 1010 4869; x_wconf 88' lang='lat' dir='ltr'><strong>ad</strong></span> <span class='ocrx_word' id='word_1_175' title='bbox 1034 4801 1152 4870; x_wconf 80' lang='lat' dir='ltr'><strong>exitus</strong></span> 
     </span>
    </p>
   </div>
   <div class='ocr_carea' id='block_1_11' title="bbox 0 0 1773 5468">
    <p class='ocr_par' dir='ltr' id='par_1_15' title="bbox 0 0 1773 5468">
     <span class='ocr_line' id='line_1_37' title="bbox 0 0 1773 5468; baseline 0 0"><span class='ocrx_word' id='word_1_176' title='bbox 0 0 1773 5468; x_wconf 95' lang='lat' dir='ltr'><strong> </strong></span> 
     </span>
    </p>
   </div>
  </div>
 </body>
</html>
