3566 5460
771 466 887 528 LIBER
908 469 958 528 ΠΙ.

472 650 580 741 Atqui
602 651 730 720 sciebat
751 674 836 741 quae
858 651 923 721 sibi
943 654 1103 722 barbarus

472 763 594 831 Tortor
615 769 769 852 panaret3
790 788 855 832 non
878 765 979 832 aliter
999 770 1113 832 tamen

514 873 668 942 Dimovit
689 876 859 943 obstantes
880 875 1082 965 propinquos

557 985 605 1052 Et
624 986 782 1075 populum
804 986 933 1055 reditus
954 993 1138 1056 morantem

473 1137 581 1222 Quam
603 1139 632 1208 si
654 1139 812 1208 clientum
837 1140 938 1227 longa
959 1142 1096 1227 negotis

473 1251 669 1320 Diiudioata
689 1251 750 1318 lite
773 1251 986 1341 relinqueret,

515 1361 669 1432 Tendens
690 1362 899 1433 Venafranos
920 1363 956 1430 in
979 1387 1078 1451 agros

558 1472 632 1542 Aut
652 1473 951 1544 Lacedaemonium
974 1475 1164 1544 Tarentum.

834 1833 898 1910 VI.

473 1989 607 2056 Deliota
629 1989 789 2056 maiorum
811 1989 985 2057 inmeritus
1007 1990 1086 2070 lues,

474 2099 632 2181 Romane,
654 2099 759 2168 donee
780 2100 907 2188 templa
928 2100 1086 2170 refeceris

516 2211 693 2302 Aedesque
713 2212 865 2280 labentes
891 2213 1027 2280 deorum
1049 2218 1085 2280 et

560 2322 675 2390 Foeda
695 2323 790 2410 nigro
815 2323 991 2392 simulacra
1011 2325 1108 2392 inmo.

473 2477 536 2545 Dis
558 2485 592 2544 te
615 2477 774 2544 minorem
796 2477 884 2567 quod
906 2477 1004 2564 geris,
1027 2478 1186 2567 imperas:

475 2589 562 2656 Hine
583 2610 677 2656 omne
700 2587 905 2678 principium,
924 2589 989 2658 bue
1010 2589 1100 2657 refer
1121 2589 1255 2656 exituna

516 2699 563 2767 Di
583 2700 691 2768 mults
710 2699 857 2786 neglecti
880 2699 1046 2768 dederunt

559 2811 744 2900 Hesperiae
766 2812 855 2880 mula
875 2812 1054 2882 luctuosas.

474 2965 546 3033 Iam
567 2966 619 3033 bis
640 2965 816 3034 Monaeses
839 2972 874 3034 et
895 2965 1012 3034 Paeoni
1033 2989 1148 3034 manus

474 3075 550 3146 Non
573 3078 763 3166 auspicatos
784 3077 936 3146 contudit
956 3077 1101 3166 impetus

517 3187 660 3258 Nostros
683 3195 719 3256 et
739 3189 901 3258 adiecisse
923 3188 1081 3278 praedans

560 3301 748 3391 Torquibus
770 3301 901 3388 exiguis
922 3300 1061 3368 renidet

475 3454 587 3523 Paene
609 3460 803 3544 occupatam
825 3454 1045 3522 seditionibus

475 3565 614 3634 Delevit
633 3568 748 3634 urbem
768 3567 881 3635 Dacus
903 3573 939 3634 et
958 3566 1132 3655 Aethiops,

519 3678 584 3746 Hio
606 3679 712 3747 alasse
734 3677 939 3758 formidabis,
961 3677 1018 3744 ille

560 3789 744 3857 Missilibus
764 3789 881 3857 melior
901 3789 1046 3875 sagittis.

476 3951 633 4020 Fecunda
654 3953 769 4036 cnlpae
790 3951 924 4020 meula
945 3952 1081 4040 nuptias

476 4062 623 4131 Primum
645 4063 860 4152 inquinavere
883 4070 919 4130 et
940 4085 1045 4149 genus
1067 4069 1102 4130 et
1122 4061 1252 4130 domos:

519 4174 592 4242 Hoc
613 4175 706 4241 fonte
728 4173 881 4244 derivata
902 4173 1014 4242 eludes

562 4285 602 4351 In
624 4285 768 4374 patsiam
789 4286 1011 4375 populumque
1032 4284 1139 4352 fluxit.

476 4445 589 4515 Motus
612 4446 724 4516 dooeri
744 4446 871 4532 gaudet
889 4447 1020 4514 Ionioos

476 4557 611 4626 Aeerbe
628 4557 726 4644 virgo
749 4564 785 4626 et
805 4559 943 4644 fingitur
965 4557 1094 4628 artibus

519 4669 593 4736 Iam
614 4692 701 4737 nune
723 4675 759 4736 et
779 4670 924 4738 incestos
943 4691 1072 4738 amores

562 4781 615 4847 De
637 4787 752 4848 tenero
775 4780 955 4852 meditatur
976 4781 1089 4870 ungui
