3566 5460
627 891 654 958 Ο
678 893 752 958 fons
773 891 973 972 Bandusiae,
998 890 1203 978 splendidior
1224 891 1322 970 vitro,

625 1003 726 1070 Dulci
748 1003 848 1091 digna
870 1025 960 1070 mero
983 1025 1049 1070 non
1071 1003 1142 1070 eine
1165 1002 1309 1083 floribus,

671 1113 753 1182 Cras
775 1114 951 1183 donaberis
974 1114 1090 1197 haedo,

714 1225 777 1294 Cui
798 1227 890 1294 frons
913 1226 1053 1312 turgida
1075 1227 1229 1295 cornibus

626 1415 748 1484 Primis
771 1422 807 1484 et
827 1437 984 1484 venerem
1006 1421 1041 1482 ab
1062 1416 1193 1505 proelia
1215 1415 1373 1483 destinat.

625 1527 782 1596 Frustra:
804 1550 881 1594 nam
901 1527 1030 1614 gelidos
1050 1527 1177 1596 inficiet
1197 1527 1261 1594 tibi

667 1639 783 1708 Rubro
806 1639 969 1727 sanguine
990 1641 1081 1708 rivos

710 1750 844 1820 Lascivi
867 1753 998 1820 suboles
1018 1752 1141 1839 gregis.

626 1941 673 2008 'l'e
695 1941 874 2028 flagrantis
896 1947 994 2008 atrox
1017 1940 1100 2008 hora
1122 1938 1302 2008 Caniculae
1372 2017 1377 2024 ¹

625 2053 744 2120 Nescit
765 2059 914 2139 tangere,
935 2059 974 2119 bu
994 2052 1102 2139 bigas
1125 2052 1265 2120 amabile

668 2163 782 2232 Feeeis
803 2185 937 2231 vomere
960 2164 1069 2231 tauris

710 2274 857 2344 Praebee
878 2281 914 2343 et
934 2276 1046 2365 pecori
1068 2297 1163 2362 vago.

570 2507 575 2520 ·
625 2463 704 2533 Fies
725 2464 884 2532 nobilium
905 2471 944 2532 bu
967 2487 1093 2554 quoque
1115 2465 1256 2532 fontium

624 2575 679 2643 Mc
700 2577 832 2644 dicente
856 2577 947 2644 cavis
969 2576 1146 2664 inpositam
1170 2577 1278 2645 ilicem

669 2686 774 2769 Saxis,
796 2688 884 2755 unde
906 2688 1061 2777 loquaces

711 2798 886 2888 Lymphae
910 2799 1070 2866 desiliunt
1091 2806 1179 2866 tuae.

951 3229 1079 3306 XIIII.

622 3380 779 3450 Herculis
800 3381 870 3449 ritu
892 3381 987 3449 modo
1009 3382 1126 3463 dietus,
1149 3406 1168 3450 o
1192 3383 1294 3471 plebs,

623 3491 734 3560 Morte
755 3494 908 3561 venalem
930 3493 1068 3581 petiisse
1091 3493 1221 3560 laurum

625 3604 752 3672 Caesar
774 3604 927 3693 Hispana
947 3604 1074 3693 repetit
1097 3612 1237 3692 penates

708 3715 828 3784 Victor
847 3716 888 3783 ab
911 3738 979 3784 ora.

622 3903 728 3972 Vnico
749 3904 898 3992 gaudens
917 3904 1036 3972 mulier
1057 3905 1178 3972 marito

623 4015 770 4083 Prodeab
791 4016 890 4084 iustis
913 4022 1053 4104 operata
1076 4016 1163 4084 divis

622 4127 670 4194 Et
691 4149 786 4194 soror
809 4127 892 4195 clari
915 4127 1007 4194 ducis
1031 4134 1067 4194 et
1089 4129 1228 4195 decorae

666 4238 822 4329 Supplice
845 4240 935 4307 vitia

622 4425 799 4513 Virginum
821 4431 946 4494 matres
970 4425 1191 4518 iuvenumque
1213 4451 1319 4519 nuper

622 4535 799 4627 Sospitum.
842 4537 921 4620 Vos,
944 4562 963 4604 o
986 4539 1081 4628 pueri
1104 4546 1139 4606 eb
1160 4541 1291 4628 puellae

618 4649 709 4717 *Iam
731 4651 840 4718 virum
862 4657 1030 4740 expertae,
1054 4651 1140 4719 male
1164 4652 1354 4720 inominatis

665 4759 798 4828 Parcite
819 4762 939 4830 vorbis
