3566 5460
760 441 878 509 LIBER
898 447 948 507 lIl.

462 629 538 697 Vna
559 630 601 698 de
623 631 737 699 multis
756 632 829 700 faee
849 632 994 722 nuptiali

461 741 575 829 Digne
596 743 765 832 periurum
788 743 854 812 fuit
874 744 909 811 in
928 750 1101 834 parentem

462 853 642 943 Splendide
666 855 808 924 mendax
831 857 923 924 etin
945 879 1040 924 omne
1063 857 1159 944 virgo

505 967 637 1034 Nobilis
659 989 793 1052 aevum;

457 1136 588 1226 ‘Surge'
614 1161 699 1228 quee
722 1140 809 1207 dixit
829 1141 944 1210 iuveni
966 1141 1094 1220 marito,

457 1249 587 1338 ‘Surge
609 1273 651 1318 ne
673 1252 792 1338 longus
814 1253 878 1318 tibi
900 1276 1040 1334 somnus,
1063 1253 1150 1320 unde

462 1363 537 1432 Non
559 1363 666 1444 times,
689 1363 802 1448 detur;
824 1387 973 1432 socerum
996 1370 1031 1432 et
1053 1365 1214 1432 scelestas

503 1475 599 1542 Falle
624 1477 780 1558 lsorores,

462 1645 555 1728 Quae
579 1647 673 1714 velut
696 1655 813 1715 naotee
835 1649 960 1716 vitulos
983 1649 1119 1716 leaenae

464 1757 639 1846 *Singulos
662 1759 747 1826 eheu
769 1760 935 1827 lacerant:
959 1781 1021 1846 ego
1043 1761 1112 1827 illis

460 1870 595 1938 Mollior
616 1893 677 1938 neo
698 1879 734 1938 te
757 1871 876 1938 feriam
901 1893 1006 1961 noque
1030 1872 1121 1939 intra

506 1981 661 2050 Claustra
682 1983 811 2050 tenebo.

462 2155 516 2222 Me
539 2160 638 2243 pater
658 2157 768 2222 saevis
791 2162 907 2223 oneret
927 2157 1061 2236 eatenis,

464 2265 561 2348 Quod
582 2267 655 2334 viro
678 2267 821 2334 clemens
842 2268 963 2334 misero
985 2267 1135 2354 peperoi;

462 2377 516 2444 llle
537 2378 593 2444 vel
614 2384 780 2446 extremos
802 2377 1022 2446 Numidarum
1044 2379 1078 2444 in
1102 2401 1201 2465 agros

506 2488 620 2558 Classe
640 2490 778 2576 releget.

463 2661 491 2742 I,
513 2660 616 2750 pedes
639 2685 702 2750 quo
724 2667 760 2728 te
782 2661 920 2750 rapiunt
943 2669 978 2728 et
1001 2683 1111 2742 aurae,

463 2772 551 2839 Dum
572 2773 667 2840 favet
687 2771 764 2840 Nox
787 2779 822 2840 et
844 2772 973 2857 Venus;
997 2774 1008 2839 i
1030 2773 1174 2842 seeundo

463 2881 587 2965 Omine,
610 2891 645 2951 et
664 2885 771 2952 nostri
793 2906 970 2952 memorem
992 2886 1145 2973 sepulcro

505 2995 624 3084 Soalpe
647 2992 846 3086 querellam?

812 3375 899 3450 XII.

177 3525 415 3596 lliserarumst
446 3551 551 3619 neque
580 3529 685 3596 amori
714 3529 792 3595 dere
822 3528 936 3595 ludum
967 3547 1072 3610 neque
1107 3527 1196 3595 dulei
1224 3526 1231 3614 Ι
1258 3527 1348 3596 mala
1379 3529 1456 3596 vino

178 3639 295 3708 lavere
320 3645 381 3707 aut
403 3641 584 3707 exanimari
603 3645 792 3707 metuentes
812 3637 818 3726 Ι
839 3644 980 3727 patruae
1002 3640 1143 3706 verbera
1165 3639 1309 3726 linguae.

177 3811 252 3880 'libi
272 3811 410 3902 qualum
426 3810 617 3902 Cythereae
633 3833 716 3901 puer
734 3811 811 3892 ales,
833 3811 898 3878 tibi
914 3811 1004 3879 telas
1023 3809 1029 3898 Ι
1050 3833 1274 3902 operosaeque
1285 3810 1456 3881 Minervae

178 3923 332 3992 studium
355 3924 474 4004 aufert,
498 3923 677 4004 tNeobule
698 3919 704 4008 Ι
726 3921 885 4013 Liparaei
908 3923 998 3990 nitor
1019 3921 1133 4004 Hebri,

177 4093 284 4164 Simul
308 4101 430 4164 unetos
452 4095 619 4163 Tiberinis
642 4117 773 4164 umeros
793 4096 879 4162 lavit
902 4096 936 4162 in
958 4093 1064 4176 undis,
1089 4091 1095 4180 Ι
1123 4116 1225 4185 eques
1245 4094 1317 4183 ipso
1340 4094 1457 4163 melior

178 4205 444 4296 Bellerophonte
465 4228 572 4296 neque
595 4229 707 4296 pugno
728 4203 735 4292 Ι
755 4228 862 4295 neque
885 4207 980 4293 segni
1001 4206 1086 4295 pede
1109 4206 1228 4286 vietus,

179 4375 288 4446 Catus
312 4377 403 4446 idem
423 4399 484 4467 per
505 4385 659 4466 apertum
679 4377 848 4464 fugientes
871 4379 1002 4464 agitato
1023 4375 1030 4463 Ι
1049 4399 1153 4465 grege
1176 4399 1290 4447 oervos
1312 4377 1453 4446 iaonlari
1508 4397 1527 4448 4

178 4497 213 4556 et
234 4491 329 4558 celer
349 4495 423 4557 arto
444 4489 638 4558 latitantem
658 4487 664 4576 Ι
686 4490 844 4558 frutioeto
866 4491 1020 4578 excipere
1044 4513 1168 4578 aprum.

698 4705 900 4716 Ψ..-
