3526 5468
697 483 856 546 OARMEN
879 485 1110 548 slncvnnau.

530 669 663 757 Vosque
685 689 821 736 veraces
844 669 1010 751 cecinisse,
1033 669 1167 752 Pareae,

532 779 628 862 Quod
650 780 753 848 semel
775 779 900 848 dictum
923 781 1054 849 stabilis
1075 803 1136 870 per
1157 805 1275 851 aevum

531 891 705 961 Terminus
726 898 847 974 servat
867 894 953 960 boue
974 894 1041 961 iam
1061 895 1208 984 peractis

572 1003 708 1092 lungite
729 1004 811 1072 fata.

529 1183 667 1252 Fertilis
688 1183 822 1271 hugum
844 1185 1038 1275 pecorisque
1059 1187 1161 1253 tellus

530 1293 651 1384 Spicea
672 1295 775 1364 donet
797 1294 953 1364 Cererem
974 1319 1112 1382 eoroue;

529 1405 693 1475 Nutriant
712 1407 802 1476 fetus
824 1413 859 1476 et
880 1429 985 1498 aquae
1008 1409 1157 1478 salubres

571 1518 619 1586 Et
640 1517 732 1587 Iovis
754 1541 867 1588 aurae.

530 1698 672 1768 Condito
694 1700 785 1768 mitis
806 1699 1022 1790 placidusque
1043 1702 1112 1769 telo

529 1809 702 1900 Supplices
725 1811 803 1880 audi
824 1833 954 1901 pueros,
975 1812 1114 1902 Apoll0;

530 1921 682 1991 Siderum
703 1925 822 2011 regina
841 1923 995 2006 bicornis,
1017 1925 1103 2004 audi.

570 2033 675 2118 Luna,
695 2035 835 2124 puellas.

775 2225 792 2261 *
878 2225 895 2261 *
981 2225 997 2261 *

528 2377 635 2445 Roma
657 2379 687 2446 si
707 2384 892 2447 vestrumst
913 2403 1003 2469 opus,
1025 2379 1174 2470 lliaeque

528 2489 626 2557 Litus
647 2489 826 2558 Etruscum
846 2496 985 2559 tenuere
1007 2497 1146 2572 turmae,

527 2601 625 2669 Iussa
645 2624 723 2690 pars
744 2607 875 2670 mutare
899 2602 1006 2670 Lares
1026 2607 1062 2670 et
1082 2603 1196 2670 urbem

570 2711 703 2803 Sospite
726 2736 833 2794 cursu,

529 2892 591 2961 Oui
611 2916 673 2983 per
695 2893 868 2962 ardentem
890 2894 961 2961 sine
982 2893 1099 2962 fraude
1122 2894 1254 2963 'lhoiam

528 3004 648 3073 Gustus
669 3005 803 3072 Aeneas
824 3005 955 3094 patriae
978 3011 1148 3095 superstes

527 3115 685 3185 Liberum
705 3116 850 3186 munivit
871 3117 946 3199 iter,
968 3117 1109 3185 daturus

569 3227 675 3296 Plura
695 3227 842 3296 relictis:

526 3409 581 3492 Di,
602 3410 723 3499 probos
745 3430 854 3476 mores
876 3408 976 3476 docili
996 3409 1163 3489 iuventae,

526 3520 579 3602 Di,
601 3520 768 3588 senectuti
789 3519 939 3609 placidae
962 3521 1116 3609 quietem,

527 3631 686 3700 Romulae
708 3632 804 3718 genti
826 3631 1059 3720 datoremque
1081 3632 1272 3722 prolemque

568 3742 615 3810 Et
639 3742 740 3811 decus
761 3763 864 3809 omne.

528 3921 684 4013 Quaeque
705 3945 765 3990 vos
786 3923 890 3989 bobus
914 3927 1096 3989 veneratur
1117 3922 1203 3988 albis

528 4033 646 4102 Clarus
668 4033 838 4101 Anchisae
859 4033 1065 4122 Venerisque
1087 4033 1232 4120 sangnis,

526 4146 688 4234 Inpetret,
709 4145 856 4212 bellante
878 4145 978 4234 prior,
1000 4144 1165 4213 iacentem

568 4257 671 4325 Lenis
693 4257 728 4323 in
748 4257 888 4325 hostem.

526 4437 597 4504 Iam
618 4437 702 4504 mari
723 4443 881 4525 terraque
902 4458 1019 4503 manus
1040 4440 1196 4524 potentes

526 4547 644 4616 Medus
668 4547 884 4636 Albanasque
906 4548 1005 4614 timet
1026 4568 1167 4627 secures,

525 4656 596 4726 Iam
618 4657 766 4748 Scythae
788 4681 949 4747 responsa
970 4663 1091 4747 petunt
1112 4659 1246 4746 superbi

567 4769 685 4860 Nuper
706 4774 742 4837 et
760 4769 847 4836 Iudi.
