3526 5468
807 493 930 556 LIBER.

357 935 445 1019 Quid
466 937 530 1003 tibi
552 937 613 1018 vis,
635 937 753 1004 mulier
775 936 881 1023 nigris
904 936 1098 1022 dignissima
1118 939 1248 1006 barris?

398 1047 539 1115 Munera
562 1071 620 1116 cur
641 1048 723 1115 mihi
745 1046 867 1138 quidve
891 1049 1033 1118 tabellas

356 1161 475 1242 Mittis,
497 1183 557 1228 neo
577 1162 670 1228 firmo
693 1161 806 1228 iuveni
827 1182 934 1250 neque
957 1161 1047 1229 naris
1069 1163 1213 1230 obesae?

398 1273 547 1362 Namque
570 1272 724 1359 sagacius
746 1295 831 1340 nnus
854 1272 981 1354 odoror,

356 1384 505 1473 Polypus
527 1407 571 1452 an
595 1385 709 1472 gravis
728 1384 869 1452 hirsutis
890 1385 989 1453 cubet
1010 1385 1122 1454 hircus
1143 1387 1178 1454 in
1200 1387 1273 1470 alis,
1520 1409 1536 1460 5

399 1493 505 1578 Quam
527 1497 619 1565 canis
642 1517 726 1578 acer,
751 1496 809 1563 ubi
832 1497 939 1564 lateat
960 1520 1024 1565 sus.

357 1607 423 1691 Qui
444 1609 545 1676 sudor
566 1608 667 1676 vietis
690 1614 726 1676 et
748 1631 845 1697 quam
866 1609 974 1677 malus
996 1610 1140 1700 undique
1163 1612 1316 1680 membris

400 1719 529 1790 Crescit
551 1721 639 1802 odor,
661 1745 734 1789 oum
757 1742 842 1809 pene
864 1721 973 1790 soluto

357 1833 556 1902 Indomitum
577 1840 736 1923 properat
756 1833 881 1902 rabiem
903 1833 1029 1916 sedare,
1050 1857 1156 1924 neque
1178 1836 1229 1902 illi

399 1945 472 2014 Iam
493 1951 606 2014 manet
627 1945 739 2014 umida
761 1951 854 2014 creta
875 1947 1027 2037 colorque

357 2057 511 2126 Stercore
531 2058 664 2127 fucatus
686 2057 850 2140 crocodili,
872 2057 1002 2149 iamque
1024 2057 1173 2127 subando

399 2169 508 2239 Tanta
530 2171 652 2239 cubilia
671 2175 827 2261 tectaque
849 2171 982 2260 rumpit.

357 2283 422 2351 Vel
442 2305 517 2353 mea
538 2307 636 2374 quam
657 2285 766 2352 saevis
788 2284 898 2370 agitat
918 2283 1057 2352 fastidia
1081 2285 1208 2353 verbis:

398 2392 549 2466 ‘Inachia
569 2396 711 2484 langues
733 2397 841 2465 minus
863 2419 902 2464 ac
923 2419 989 2482 me;

356 2508 528 2576 Inachiam
548 2515 602 2576 ter
623 2515 720 2578 nocte
741 2515 846 2598 potes,
869 2508 950 2576 mihi
971 2531 1102 2598 semper
1125 2509 1168 2577 ad
1190 2533 1289 2577 unum

399 2620 514 2689 Mollis
532 2645 623 2710 opus.
666 2621 790 2688 Pereat
809 2622 904 2702 male,
927 2644 1010 2712 quae
1031 2626 1067 2689 te

357 2733 479 2802 Lesbia
500 2733 675 2816 quaerenti
696 2740 828 2802 taurum
847 2733 1049 2802 monstravit
1070 2733 1219 2816 inertem,

401 2845 484 2914 Cum
505 2846 585 2913 mihi
608 2845 695 2914 Cous
717 2846 852 2914 adesset
873 2844 1049 2936 Amyntas,

357 2956 460 3026 Cuius
481 2959 517 3025 in
538 2957 699 3026 indomito
724 2958 930 3027 constantior
951 2957 1087 3044 inguine
1109 2981 1241 3040 nervus,

401 3069 509 3153 Quam
531 3093 591 3138 sua
613 3070 751 3138 collibus
774 3070 873 3138 arbor
895 3069 1058 3139 inhaeret.

357 3183 540 3251 Muricibus
559 3182 673 3272 Tyriis
694 3181 840 3250 iteratae
861 3181 988 3250 vellera
1009 3183 1105 3250 lanae

401 3293 463 3364 Oui
485 3295 771 3385 properabantm?
814 3294 891 3362 Tibi
913 3317 1037 3385 nempe,

358 3407 410 3476 Ne
431 3409 521 3477 foret
542 3407 696 3498 aequales
717 3408 806 3475 inter
828 3407 975 3490 conviva,
997 3407 1102 3496 magis
1125 3430 1221 3498 quem

401 3520 570 3607 Diligeret
589 3519 707 3589 mulier
728 3543 789 3586 sna
810 3543 908 3610 quam
929 3525 974 3586 te.

359 3633 387 3699 Ο
410 3655 471 3719 ego
492 3657 558 3699 non
580 3632 670 3716 felix,
694 3655 793 3722 qnam
815 3637 855 3700 tu
875 3631 973 3718 fugis,
995 3638 1035 3699 ut
1054 3639 1156 3721 pavet
1178 3653 1273 3700 acres

401 3743 501 3832 Agna
522 3745 617 3834 lupos
640 3765 845 3834 capreaeque
867 3738 1000 3811 leones’

768 3961 971 3972 ..ιι-..ι-

819 4115 927 4191 xm.

358 4271 505 4340 Horrida
522 4277 705 4363 tempestas
727 4271 854 4339 caelum
875 4269 1050 4352 contraxit,
1072 4275 1107 4337 et
1129 4269 1251 4337 imbres

401 4382 570 4474 Nivesque
594 4383 761 4452 deducunt
781 4384 911 4468 Iovem;
939 4403 1149 4462 nunonem,
1171 4405 1257 4450 nunc
1281 4381 1385 4450 siluae

356 4495 511 4566 Threicio
534 4496 687 4587 aquilone
710 4501 838 4564 sonant.
882 4495 1072 4583 Rapiamua
1095 4494 1220 4575 *amici

402 4609 616 4678 Occasionem
639 4606 680 4677 de
703 4606 765 4689 die,
788 4608 928 4698 dumque
951 4607 1063 4675 virent
1084 4627 1193 4693 genua

357 4721 407 4789 Et
428 4720 533 4802 decet
554 4721 698 4789 obducta
719 4719 869 4788 solvatur
890 4720 1000 4787 fronto
1022 4723 1183 4788 senectus.

401 4832 453 4900 Tu
474 4833 555 4902 vina
575 4831 744 4925 Torquato
766 4854 861 4903 move
881 4831 1014 4901 consule
1036 4851 1152 4921 pressa
1172 4851 1253 4900 meo.
