3566 5460
749 477 867 544 nmen
887 479 909 542 1.

442 665 573 734 Felioes
594 671 650 734 ter
667 669 704 733 eb
725 665 875 755 emplius,

485 777 577 862 Quos
598 778 737 868 inrupto
757 783 853 846 benet
872 777 990 867 copule
1011 800 1072 847 nee
1093 777 1190 846 melis

442 891 602 960 Divolsus
623 890 859 981 quaerimoniis

485 1003 648 1093 Supremo
670 1003 770 1071 eitius
792 1002 901 1071 solvet
923 1025 1015 1070 emor
1034 1003 1098 1071 die.

726 1225 931 1242 ψ

768 1384 896 1461 XIIII.

444 1539 472 1606 Ο
494 1539 598 1622 navis,
619 1538 769 1608 referent
790 1539 825 1606 in
847 1560 938 1605 mare
959 1545 996 1606 te
1018 1540 1096 1608 novi

443 1651 592 1720 Fluctus.
636 1649 664 1716 O
687 1651 768 1741 quid
790 1651 889 1738 egis?
932 1650 1083 1720 Fortiter
1106 1676 1229 1741 ooeupe

485 1764 632 1832 Portum.
675 1763 794 1833 Nonne
814 1762 918 1846 vides,
940 1770 979 1831 ut

529 1877 664 1946 Nudum
681 1875 822 1963 remigio
843 1875 933 1944 lebes

443 2051 491 2118 et
510 2050 616 2118 melus
641 2048 741 2117 eeleri
764 2047 898 2116 senoius
918 2048 1033 2116 Africo

444 2163 697 2251 Antemneeque
717 2165 862 2248 gement,
885 2183 924 2228 eo
947 2160 1016 2227 sine
1039 2161 1172 2228 funibus

486 2275 552 2344 Vix
575 2274 695 2342 durare
719 2272 851 2341 esrinee

528 2386 663 2455 Possint
684 2384 895 2475 imperiosius

444 2559 605 2650 Aequor?
647 2557 725 2626 Non
747 2557 810 2625 libi
832 2565 912 2626 sunl
933 2558 1066 2644 integre
1087 2558 1201 2640 lintea,

444 2672 520 2742 Non
543 2671 591 2755 ei,
621 2693 703 2761 quos
732 2670 855 2738 iterum
884 2692 999 2758 presse
1021 2691 1119 2739 voees
1147 2672 1242 2738 melo.

488 2784 648 2868 Quemvis
668 2782 810 2850 Pontion
831 2782 937 2870 pinus,

529 2895 643 2964 Silvae
666 2895 737 2963 filis
756 2893 885 2976 nobilis,

445 3069 557 3138 Ieetes
576 3075 613 3137 et
634 3090 739 3156 genus
761 3072 797 3134 eb
817 3087 935 3134 nomen
958 3066 1092 3134 inutile:

446 3182 501 3250 Nil
523 3181 624 3271 pictis
644 3179 782 3248 timidus
805 3179 921 3247 nevibe
943 3179 1106 3268 puppibus

487 3293 588 3361 Finit„
632 3292 691 3374 Tu,
713 3291 779 3360 nisi
799 3292 910 3360 ventis

530 3405 642 3473 Debes
663 3404 850 3484 ludibrium,
873 3426 963 3472 esve.

445 3577 561 3668 Nuper
581 3577 760 3646 sollicitum
783 3598 868 3666 quee
890 3576 971 3643 mihi
992 3575 1150 3658 laedium,

446 3690 542 3760 Nuno
564 3690 765 3758 desiderium
788 3711 930 3779 onusque
953 3713 1018 3756 non
1040 3688 1134 3772 levis,

489 3801 660 3870 Interfusn
682 3802 830 3870 nitentes

531 3915 629 3982 Viles
651 3936 796 4005 aequore
818 3912 994 4002 Cyclades.

730 4137 934 4150 Β*

795 4310 878 4390 XV.

447 4465 570 4536 Pastor
589 4489 662 4536 eum
682 4463 836 4536 traheret
856 4488 918 4554 per
938 4467 1026 4534 freto
1046 4469 1186 4537 navibus

447 4579 558 4648 Idaeis
579 4579 731 4648 Helenen
752 4578 898 4667 perfidus
919 4578 1093 4668 hospitem,

447 4693 586 4782 Ingrato
610 4692 735 4760 celeres
757 4691 869 4760 obruit
890 4692 959 4759 otio

490 4805 627 4888 Ventos,
648 4811 688 4873 ul
709 4810 846 4873 emeret
865 4805 938 4872 fere
