3566 5460
930 497 1136 560 CARMINVM

585 681 621 748 si
642 681 720 768 figit
740 682 973 750 adamantinos

627 792 769 862 Summis
793 793 974 861 verticibus
996 793 1071 862 dira
1092 795 1287 864 Necessitas

585 904 715 986 Clavus,
738 929 802 971 non
826 906 970 972 animum
993 913 1092 988 metu,

625 1017 702 1084 Non
725 1017 843 1084 mortis
865 1018 993 1107 laqueis
1014 1018 1171 1107 expedies
1192 1025 1301 1108 eaput.

587 1204 798 1295 Campestres
821 1207 940 1275 melius
963 1205 1121 1296 Scythae,

629 1316 775 1399 Quorum
796 1319 949 1407 plaustra
971 1343 1078 1406 vegas
1105 1319 1171 1387 rite
1198 1320 1340 1387 trahunt
1362 1320 1483 1400 domos,

585 1428 715 1497 Vivunt
735 1437 771 1496 et
792 1430 896 1516 rigidi
918 1429 1037 1512 Getae,

625 1542 796 1609 Inmetata
816 1542 935 1633 quibus
955 1543 1073 1629 iugera
1094 1543 1218 1610 liberas

584 1749 713 1835 Fruges
737 1755 772 1815 et
796 1747 951 1816 Cererem
973 1750 1086 1816 feriunt

628 1859 700 1927 Neo
722 1861 855 1928 cultura
873 1861 988 1949 placet
1006 1861 1137 1948 longior
1158 1885 1276 1942 onnus,

585 1971 852 2062 Defunctumque
875 1973 1045 2040 laboribus

628 2081 772 2175 Aequali
794 2090 927 2151 reoroat
949 2090 1040 2152 sorte
1062 2083 1216 2152 vioarius.

585 2291 659 2359 Hlie
681 2297 788 2360 matre
812 2291 1002 2359 carentibus

628 2402 799 2490 Privignis
821 2402 940 2470 mulier
961 2408 1130 2493 temperat
1151 2404 1316 2482 innocens

584 2513 655 2582 Neo
680 2514 797 2582 dotata
818 2515 909 2602 ragit
930 2515 1040 2582 virum

629 2625 781 2694 Coniunx
802 2649 862 2694 neo
884 2626 991 2694 nitido
1014 2626 1090 2695 fidit
1112 2627 1275 2708 adultero,

582 2834 654 2901 Dos
676 2839 729 2900 est
749 2856 871 2920 magna
890 2835 1080 2922 parentium

625 2944 744 3012 Virtus
767 2952 802 3011 et
823 2954 975 3013 metuens
997 2945 1137 3013 alterius
1162 2945 1227 3012 vin’

584 3056 685 3125 Certo
708 3056 843 3124 foedere
867 3057 1015 3138 uastitas,

625 3168 673 3237 Et
694 3192 831 3258 peceare
853 3169 947 3238 nefas
970 3175 1030 3236 aut
1051 3169 1231 3258 pretiumst
1252 3169 1344 3236 mori.

583 3375 610 3441 0
634 3376 782 3465 quisquis
804 3377 897 3444 volat
918 3375 1028 3465 inpias

626 3485 754 3555 Caedes
777 3494 812 3555 at
832 3487 958 3554 rabiem
980 3487 1100 3555 tollere
1123 3485 1270 3566 oivioam,

582 3597 619 3664 Si
642 3605 783 3688 quaeret
805 3596 960 3664 PATER
981 3595 1164 3665 VRBIVM

626 3709 796 3778 Subseribi
817 3711 949 3792 statuis,
969 3709 1164 3776 indomitam
1187 3707 1310 3775 audeat

584 3917 768 3984 Refrenare
790 3916 969 3996 licentiam,

626 4027 746 4096 Clarus
767 4027 986 4117 postgenitis:
1012 4032 1184 4116 quatenus,
1207 4026 1273 4094 heu
1294 4026 1397 4106 nefas,

581 4139 753 4208 Virtutem
774 4140 971 4208 ineolumem
994 4138 1130 4220 odimus,

625 4250 798 4318 Sublatam
821 4273 862 4318 ex
883 4251 987 4319 oeulis
1009 4250 1200 4341 quaerimus
1221 4247 1336 4316 invidi.

584 4457 673 4539 Quid
694 4458 811 4525 tristes
834 4457 1068 4546 querimoniae,

626 4568 664 4636 si
684 4593 749 4636 uon
773 4568 935 4658 supplicio
959 4568 1057 4656 ouipa
1078 4566 1256 4651 reoiditur;

583 4679 672 4764 Quid
692 4681 786 4767 leges
808 4681 880 4748 sine
903 4680 1048 4748 moribus

626 4791 743 4865 Venae
764 4791 968 4886 profioiunt?
995 4790 1025 4860 si
1048 4811 1154 4882 noque
1175 4788 1316 4858 fervidis
