<?xml version="1.0" encoding="UTF-8"?>
<!DOCTYPE html PUBLIC "-//W3C//DTD XHTML 1.0 Transitional//EN"
    "http://www.w3.org/TR/xhtml1/DTD/xhtml1-transitional.dtd">
<html xmlns="http://www.w3.org/1999/xhtml" xml:lang="en" lang="en">
 <head>
  <title>
</title>
<meta http-equiv="Content-Type" content="text/html;charset=utf-8" />
  <meta name='ocr-system' content='tesseract 3.04.00' />
  <meta name='ocr-capabilities' content='ocr_page ocr_carea ocr_par ocr_line ocrx_word'/>
</head>
<body>
  <div class='ocr_page' id='page_1' title='image "./odenundepoden01mlgoog_0123.png"; bbox 0 0 3526 5468; ppageno 0'>
   <div class='ocr_carea' id='block_1_1' title="bbox 795 425 919 490">
    <p class='ocr_par' dir='ltr' id='par_1_1' title="bbox 795 425 919 490">
     <span class='ocr_line' id='line_1_1' title="bbox 795 425 919 490; baseline 0 0"><span class='ocrx_word' id='word_1_1' title='bbox 795 425 919 490; x_wconf 78' lang='lat' dir='ltr'><strong>nmen</strong></span> 
     </span>
    </p>
   </div>
   <div class='ocr_carea' id='block_1_2' title="bbox 426 611 1254 4166">
    <p class='ocr_par' dir='ltr' id='par_1_2' title="bbox 432 611 1125 807">
     <span class='ocr_line' id='line_1_2' title="bbox 432 611 1125 704; baseline 0 -24"><span class='ocrx_word' id='word_1_2' title='bbox 432 611 509 680; x_wconf 83' lang='lat' dir='ltr'><strong>Nox</strong></span> <span class='ocrx_word' id='word_1_3' title='bbox 529 617 565 680; x_wconf 91' lang='lat' dir='ltr'><strong>et</strong></span> <span class='ocrx_word' id='word_1_4' title='bbox 585 611 704 695; x_wconf 84' lang='lat' dir='ltr'><strong>Diana,</strong></span> <span class='ocrx_word' id='word_1_5' title='bbox 727 633 811 704; x_wconf 84' lang='lat' dir='ltr'><strong>quae</strong></span> <span class='ocrx_word' id='word_1_6' title='bbox 833 613 1004 682; x_wconf 82' lang='lat' dir='ltr'><strong>silentium</strong></span> <span class='ocrx_word' id='word_1_7' title='bbox 1026 612 1125 700; x_wconf 81' lang='lat' dir='ltr'><strong>regie,</strong></span> 
     </span>
     <span class='ocr_line' id='line_1_3' title="bbox 474 723 938 807; baseline 0.004 -15"><span class='ocrx_word' id='word_1_8' title='bbox 474 723 610 794; x_wconf 83' lang='lat' dir='ltr'><strong>Arcana</strong></span> <span class='ocrx_word' id='word_1_9' title='bbox 631 749 705 793; x_wconf 89' lang='lat' dir='ltr'><strong>oum</strong></span> <span class='ocrx_word' id='word_1_10' title='bbox 725 725 812 793; x_wconf 89' lang='lat' dir='ltr'><strong>fiunt</strong></span> <span class='ocrx_word' id='word_1_11' title='bbox 834 748 938 807; x_wconf 86' lang='lat' dir='ltr'><strong>saera,</strong></span> 
     </span>
    </p>

    <p class='ocr_par' dir='ltr' id='par_1_3' title="bbox 433 835 1254 1039">
     <span class='ocr_line' id='line_1_4' title="bbox 433 835 1254 921; baseline 0.004 -17"><span class='ocrx_word' id='word_1_12' title='bbox 433 835 537 921; x_wconf 85' lang='lat' dir='ltr'><strong>Nune,</strong></span> <span class='ocrx_word' id='word_1_13' title='bbox 560 861 648 907; x_wconf 91' lang='lat' dir='ltr'><strong>nune</strong></span> <span class='ocrx_word' id='word_1_14' title='bbox 668 838 793 918; x_wconf 86' lang='lat' dir='ltr'><strong>adeste,</strong></span> <span class='ocrx_word' id='word_1_15' title='bbox 814 862 900 906; x_wconf 90' lang='lat' dir='ltr'><strong>nuno</strong></span> <span class='ocrx_word' id='word_1_16' title='bbox 921 838 957 905; x_wconf 90' lang='lat' dir='ltr'><strong>in</strong></span> <span class='ocrx_word' id='word_1_17' title='bbox 979 838 1118 906; x_wconf 81' lang='lat' dir='ltr'><strong>hostiles</strong></span> <span class='ocrx_word' id='word_1_18' title='bbox 1141 838 1254 907; x_wconf 88' lang='lat' dir='ltr'><strong>domos</strong></span> 
     </span>
     <span class='ocr_line' id='line_1_5' title="bbox 474 950 988 1039; baseline 0 -23"><span class='ocrx_word' id='word_1_19' title='bbox 474 950 565 1017; x_wconf 90' lang='lat' dir='ltr'><strong>Iram</strong></span> <span class='ocrx_word' id='word_1_20' title='bbox 586 955 689 1039; x_wconf 81' lang='lat' dir='ltr'><strong>atque</strong></span> <span class='ocrx_word' id='word_1_21' title='bbox 711 972 831 1017; x_wconf 90' lang='lat' dir='ltr'><strong>numen</strong></span> <span class='ocrx_word' id='word_1_22' title='bbox 854 951 988 1017; x_wconf 87' lang='lat' dir='ltr'><strong>vertite.</strong></span> 
     </span>
    </p>

    <p class='ocr_par' dir='ltr' id='par_1_4' title="bbox 432 1060 1133 1261">
     <span class='ocr_line' id='line_1_6' title="bbox 432 1060 1133 1130; baseline 0.001 -3"><span class='ocrx_word' id='word_1_23' title='bbox 432 1060 673 1130; x_wconf 85' lang='lat' dir='ltr'><strong>Formidulosis</strong></span> <span class='ocrx_word' id='word_1_24' title='bbox 695 1061 773 1129; x_wconf 90' lang='lat' dir='ltr'><strong>dum</strong></span> <span class='ocrx_word' id='word_1_25' title='bbox 795 1063 903 1130; x_wconf 89' lang='lat' dir='ltr'><strong>latent</strong></span> <span class='ocrx_word' id='word_1_26' title='bbox 924 1061 1020 1130; x_wconf 88' lang='lat' dir='ltr'><strong>silvis</strong></span> <span class='ocrx_word' id='word_1_27' title='bbox 1041 1062 1133 1130; x_wconf 87' lang='lat' dir='ltr'><strong>ferae</strong></span> 
     </span>
     <span class='ocr_line' id='line_1_7' title="bbox 474 1173 924 1261; baseline 0.004 -22"><span class='ocrx_word' id='word_1_28' title='bbox 474 1173 574 1241; x_wconf 89' lang='lat' dir='ltr'><strong>Duloi</strong></span> <span class='ocrx_word' id='word_1_29' title='bbox 596 1195 715 1261; x_wconf 91' lang='lat' dir='ltr'><strong>sopore</strong></span> <span class='ocrx_word' id='word_1_30' title='bbox 736 1173 924 1260; x_wconf 80' lang='lat' dir='ltr'>languidae,</span> 
     </span>
    </p>

    <p class='ocr_par' dir='ltr' id='par_1_5' title="bbox 432 1282 1185 1478">
     <span class='ocr_line' id='line_1_8' title="bbox 432 1282 1185 1374; baseline 0.001 -23"><span class='ocrx_word' id='word_1_31' title='bbox 432 1282 559 1366; x_wconf 80' lang='lat' dir='ltr'><strong>Senem,</strong></span> <span class='ocrx_word' id='word_1_32' title='bbox 584 1285 673 1374; x_wconf 90' lang='lat' dir='ltr'><strong>quod</strong></span> <span class='ocrx_word' id='word_1_33' title='bbox 696 1307 808 1353; x_wconf 88' lang='lat' dir='ltr'><strong>omnes</strong></span> <span class='ocrx_word' id='word_1_34' title='bbox 830 1285 972 1365; x_wconf 86' lang='lat' dir='ltr'><strong>rideant,</strong></span> <span class='ocrx_word' id='word_1_35' title='bbox 996 1285 1185 1352; x_wconf 88' lang='lat' dir='ltr'><strong>adulterum</strong></span> 
     </span>
     <span class='ocr_line' id='line_1_9' title="bbox 474 1394 964 1478; baseline 0.006 -16"><span class='ocrx_word' id='word_1_36' title='bbox 474 1396 620 1464; x_wconf 88' lang='lat' dir='ltr'><strong>Latrent</strong></span> <span class='ocrx_word' id='word_1_37' title='bbox 641 1394 836 1464; x_wconf 87' lang='lat' dir='ltr'><strong>Suburanae</strong></span> <span class='ocrx_word' id='word_1_38' title='bbox 857 1420 964 1478; x_wconf 84' lang='lat' dir='ltr'><strong>uanae,</strong></span> 
     </span>
    </p>

    <p class='ocr_par' dir='ltr' id='par_1_6' title="bbox 431 1507 1183 1689">
     <span class='ocr_line' id='line_1_10' title="bbox 431 1507 1183 1598; baseline 0 -22"><span class='ocrx_word' id='word_1_39' title='bbox 431 1507 546 1576; x_wconf 90' lang='lat' dir='ltr'><strong>Nardo</strong></span> <span class='ocrx_word' id='word_1_40' title='bbox 567 1515 772 1597; x_wconf 76' lang='lat' dir='ltr'><strong>perunctum,</strong></span> <span class='ocrx_word' id='word_1_41' title='bbox 795 1509 892 1598; x_wconf 85' lang='lat' dir='ltr'><strong>quale</strong></span> <span class='ocrx_word' id='word_1_42' title='bbox 915 1533 980 1576; x_wconf 93' lang='lat' dir='ltr'><strong>non</strong></span> <span class='ocrx_word' id='word_1_43' title='bbox 1002 1509 1183 1597; x_wconf 68' lang='lat' dir='ltr'><strong>perfectius</strong></span> 
     </span>
     <span class='ocr_line' id='line_1_11' title="bbox 473 1619 926 1689; baseline 0.002 -3"><span class='ocrx_word' id='word_1_44' title='bbox 473 1619 571 1689; x_wconf 83' lang='lat' dir='ltr'><strong>Meae</strong></span> <span class='ocrx_word' id='word_1_45' title='bbox 592 1621 780 1688; x_wconf 80' lang='lat' dir='ltr'><strong>laborarint</strong></span> <span class='ocrx_word' id='word_1_46' title='bbox 802 1643 926 1688; x_wconf 88' lang='lat' dir='ltr'><strong>manus.</strong></span> 
     </span>
    </p>

    <p class='ocr_par' dir='ltr' id='par_1_7' title="bbox 431 1730 1210 1925">
     <span class='ocr_line' id='line_1_12' title="bbox 431 1730 1210 1814; baseline 0.001 -15"><span class='ocrx_word' id='word_1_47' title='bbox 431 1730 519 1814; x_wconf 79' lang='lat' dir='ltr'><strong>Quid</strong></span> <span class='ocrx_word' id='word_1_48' title='bbox 540 1731 687 1800; x_wconf 80' lang='lat' dir='ltr'><strong>aoeidit?</strong></span> <span class='ocrx_word' id='word_1_49' title='bbox 731 1730 799 1799; x_wconf 83' lang='lat' dir='ltr'><strong>Cur</strong></span> <span class='ocrx_word' id='word_1_50' title='bbox 821 1732 895 1800; x_wconf 86' lang='lat' dir='ltr'><strong>dira</strong></span> <span class='ocrx_word' id='word_1_51' title='bbox 916 1733 1081 1800; x_wconf 88' lang='lat' dir='ltr'><strong>barbarae</strong></span> <span class='ocrx_word' id='word_1_52' title='bbox 1102 1733 1210 1800; x_wconf 86' lang='lat' dir='ltr'><strong>minus</strong></span> 
     </span>
     <span class='ocr_line' id='line_1_13' title="bbox 473 1841 920 1925; baseline -0.004 -13"><span class='ocrx_word' id='word_1_53' title='bbox 473 1841 613 1912; x_wconf 88' lang='lat' dir='ltr'><strong>Venena</strong></span> <span class='ocrx_word' id='word_1_54' title='bbox 633 1843 774 1911; x_wconf 87' lang='lat' dir='ltr'><strong>Medeae</strong></span> <span class='ocrx_word' id='word_1_55' title='bbox 796 1845 920 1925; x_wconf 72' lang='lat' dir='ltr'><strong>valent,</strong></span> 
     </span>
    </p>

    <p class='ocr_par' dir='ltr' id='par_1_8' title="bbox 431 1954 1151 2154">
     <span class='ocr_line' id='line_1_14' title="bbox 431 1954 1151 2046; baseline 0.004 -25"><span class='ocrx_word' id='word_1_56' title='bbox 431 1954 558 2038; x_wconf 81' lang='lat' dir='ltr'><strong>Quibus</strong></span> <span class='ocrx_word' id='word_1_57' title='bbox 577 1957 754 2045; x_wconf 85' lang='lat' dir='ltr'><strong>superbam</strong></span> <span class='ocrx_word' id='word_1_58' title='bbox 775 1956 866 2043; x_wconf 80' lang='lat' dir='ltr'><strong>fugit</strong></span> <span class='ocrx_word' id='word_1_59' title='bbox 887 1955 961 2024; x_wconf 89' lang='lat' dir='ltr'><strong>ulta</strong></span> <span class='ocrx_word' id='word_1_60' title='bbox 982 1956 1151 2046; x_wconf 80' lang='lat' dir='ltr'><strong>paelicem,</strong></span> 
     </span>
     <span class='ocr_line' id='line_1_15' title="bbox 472 2065 896 2154; baseline 0.002 -20"><span class='ocrx_word' id='word_1_61' title='bbox 472 2067 589 2154; x_wconf 80' lang='lat' dir='ltr'><strong>Magni</strong></span> <span class='ocrx_word' id='word_1_62' title='bbox 610 2065 765 2135; x_wconf 77' lang='lat' dir='ltr'><strong>Creontis</strong></span> <span class='ocrx_word' id='word_1_63' title='bbox 786 2067 896 2148; x_wconf 87' lang='lat' dir='ltr'><strong>filiam,</strong></span> 
     </span>
    </p>

    <p class='ocr_par' dir='ltr' id='par_1_9' title="bbox 430 2177 1206 2379">
     <span class='ocr_line' id='line_1_16' title="bbox 430 2177 1206 2268; baseline 0 -23"><span class='ocrx_word' id='word_1_64' title='bbox 430 2177 512 2246; x_wconf 83' lang='lat' dir='ltr'><strong>Cum</strong></span> <span class='ocrx_word' id='word_1_65' title='bbox 533 2179 632 2268; x_wconf 81' lang='lat' dir='ltr'><strong>palla,</strong></span> <span class='ocrx_word' id='word_1_66' title='bbox 654 2179 734 2246; x_wconf 89' lang='lat' dir='ltr'><strong>tabo</strong></span> <span class='ocrx_word' id='word_1_67' title='bbox 754 2202 872 2246; x_wconf 91' lang='lat' dir='ltr'><strong>munus</strong></span> <span class='ocrx_word' id='word_1_68' title='bbox 893 2179 1063 2260; x_wconf 85' lang='lat' dir='ltr'><strong>imbutum,</strong></span> <span class='ocrx_word' id='word_1_69' title='bbox 1086 2201 1206 2247; x_wconf 85' lang='lat' dir='ltr'><strong>novem</strong></span> 
     </span>
     <span class='ocr_line' id='line_1_17' title="bbox 471 2289 975 2379; baseline 0.004 -23"><span class='ocrx_word' id='word_1_70' title='bbox 471 2290 629 2358; x_wconf 86' lang='lat' dir='ltr'><strong>lucendio</strong></span> <span class='ocrx_word' id='word_1_71' title='bbox 651 2294 790 2379; x_wconf 83' lang='lat' dir='ltr'><strong>nuptam</strong></span> <span class='ocrx_word' id='word_1_72' title='bbox 811 2289 975 2358; x_wconf 84' lang='lat' dir='ltr'><strong>abstulit?</strong></span> 
     </span>
    </p>

    <p class='ocr_par' dir='ltr' id='par_1_10' title="bbox 430 2401 1170 2582">
     <span class='ocr_line' id='line_1_18' title="bbox 430 2401 1170 2492; baseline 0.001 -24"><span class='ocrx_word' id='word_1_73' title='bbox 430 2401 539 2492; x_wconf 87' lang='lat' dir='ltr'><strong>Atqui</strong></span> <span class='ocrx_word' id='word_1_74' title='bbox 560 2424 622 2470; x_wconf 89' lang='lat' dir='ltr'><strong>nee</strong></span> <span class='ocrx_word' id='word_1_75' title='bbox 643 2401 747 2469; x_wconf 89' lang='lat' dir='ltr'><strong>herba</strong></span> <span class='ocrx_word' id='word_1_76' title='bbox 768 2423 830 2470; x_wconf 89' lang='lat' dir='ltr'><strong>neo</strong></span> <span class='ocrx_word' id='word_1_77' title='bbox 850 2402 961 2470; x_wconf 90' lang='lat' dir='ltr'><strong>latens</strong></span> <span class='ocrx_word' id='word_1_78' title='bbox 983 2402 1017 2468; x_wconf 91' lang='lat' dir='ltr'><strong>in</strong></span> <span class='ocrx_word' id='word_1_79' title='bbox 1041 2402 1170 2490; x_wconf 87' lang='lat' dir='ltr'><strong>asperis</strong></span> 
     </span>
     <span class='ocr_line' id='line_1_19' title="bbox 472 2513 912 2582; baseline -0.005 0"><span class='ocrx_word' id='word_1_80' title='bbox 472 2514 585 2582; x_wconf 84' lang='lat' dir='ltr'><strong>Radix</strong></span> <span class='ocrx_word' id='word_1_81' title='bbox 605 2513 727 2582; x_wconf 81' lang='lat' dir='ltr'><strong>fefellit</strong></span> <span class='ocrx_word' id='word_1_82' title='bbox 748 2535 801 2580; x_wconf 91' lang='lat' dir='ltr'><strong>me</strong></span> <span class='ocrx_word' id='word_1_83' title='bbox 823 2514 912 2582; x_wconf 84' lang='lat' dir='ltr'><strong>loeis.</strong></span> 
     </span>
    </p>

    <p class='ocr_par' dir='ltr' id='par_1_11' title="bbox 429 2625 1077 2826">
     <span class='ocr_line' id='line_1_20' title="bbox 429 2625 1077 2694; baseline 0 -2"><span class='ocrx_word' id='word_1_84' title='bbox 429 2626 594 2694; x_wconf 89' lang='lat' dir='ltr'><strong>Indormit</strong></span> <span class='ocrx_word' id='word_1_85' title='bbox 613 2627 725 2693; x_wconf 84' lang='lat' dir='ltr'><strong>unctis</strong></span> <span class='ocrx_word' id='word_1_86' title='bbox 748 2626 891 2693; x_wconf 89' lang='lat' dir='ltr'><strong>omnium</strong></span> <span class='ocrx_word' id='word_1_87' title='bbox 915 2625 1077 2693; x_wconf 87' lang='lat' dir='ltr'><strong>cubilibus</strong></span> 
     </span>
     <span class='ocr_line' id='line_1_21' title="bbox 472 2737 844 2826; baseline 0 -22"><span class='ocrx_word' id='word_1_88' title='bbox 472 2737 647 2807; x_wconf 88' lang='lat' dir='ltr'><strong>Oblivione</strong></span> <span class='ocrx_word' id='word_1_89' title='bbox 669 2737 844 2826; x_wconf 83' lang='lat' dir='ltr'><strong>paelicum.</strong></span> 
     </span>
    </p>

    <p class='ocr_par' dir='ltr' id='par_1_12' title="bbox 429 2848 1026 3030">
     <span class='ocr_line' id='line_1_22' title="bbox 429 2848 1026 2932; baseline -0.005 -14"><span class='ocrx_word' id='word_1_90' title='bbox 429 2849 513 2932; x_wconf 73' lang='lat' dir='ltr'><strong>Aba</strong></span> <span class='ocrx_word' id='word_1_91' title='bbox 536 2850 665 2918; x_wconf 86' lang='lat' dir='ltr'><strong>solutus</strong></span> <span class='ocrx_word' id='word_1_92' title='bbox 687 2848 837 2917; x_wconf 87' lang='lat' dir='ltr'><strong>ambulat</strong></span> <span class='ocrx_word' id='word_1_93' title='bbox 859 2849 1026 2916; x_wconf 81' lang='lat' dir='ltr'><strong>veneficae</strong></span> 
     </span>
     <span class='ocr_line' id='line_1_23' title="bbox 472 2959 850 3030; baseline -0.005 -1"><span class='ocrx_word' id='word_1_94' title='bbox 472 2959 668 3030; x_wconf 83' lang='lat' dir='ltr'><strong>Scientioris</strong></span> <span class='ocrx_word' id='word_1_95' title='bbox 690 2959 850 3029; x_wconf 74' lang='lat' dir='ltr'><strong>carmine!</strong></span> 
     </span>
    </p>

    <p class='ocr_par' dir='ltr' id='par_1_13' title="bbox 428 3072 1011 3273">
     <span class='ocr_line' id='line_1_24' title="bbox 428 3072 1011 3161; baseline 0 -21"><span class='ocrx_word' id='word_1_96' title='bbox 428 3072 504 3141; x_wconf 90' lang='lat' dir='ltr'><strong>Non</strong></span> <span class='ocrx_word' id='word_1_97' title='bbox 525 3072 670 3155; x_wconf 86' lang='lat' dir='ltr'><strong>usitatis,</strong></span> <span class='ocrx_word' id='word_1_98' title='bbox 692 3073 790 3154; x_wconf 82' lang='lat' dir='ltr'><strong>Vara,</strong></span> <span class='ocrx_word' id='word_1_99' title='bbox 813 3073 1011 3161; x_wconf 85' lang='lat' dir='ltr'><strong>potionibus,</strong></span> 
     </span>
     <span class='ocr_line' id='line_1_25' title="bbox 471 3185 933 3273; baseline -0.002 -21"><span class='ocrx_word' id='word_1_100' title='bbox 471 3185 498 3252; x_wconf 93' lang='grc' dir='ltr'><strong>Ο</strong></span> <span class='ocrx_word' id='word_1_101' title='bbox 520 3185 626 3254; x_wconf 85' lang='lat' dir='ltr'><strong>multa</strong></span> <span class='ocrx_word' id='word_1_102' title='bbox 646 3185 802 3253; x_wconf 84' lang='lat' dir='ltr'><strong>fleturum</strong></span> <span class='ocrx_word' id='word_1_103' title='bbox 824 3191 933 3273; x_wconf 86' lang='lat' dir='ltr'><strong>eaput,</strong></span> 
     </span>
    </p>

    <p class='ocr_par' dir='ltr' id='par_1_14' title="bbox 427 3295 1157 3478">
     <span class='ocr_line' id='line_1_26' title="bbox 427 3295 1157 3380; baseline -0.001 -16"><span class='ocrx_word' id='word_1_104' title='bbox 427 3295 483 3365; x_wconf 88' lang='lat' dir='ltr'><strong>Ad</strong></span> <span class='ocrx_word' id='word_1_105' title='bbox 504 3319 556 3365; x_wconf 90' lang='lat' dir='ltr'><strong>me</strong></span> <span class='ocrx_word' id='word_1_106' title='bbox 578 3318 738 3380; x_wconf 77' lang='lat' dir='ltr'><strong>recurres,</strong></span> <span class='ocrx_word' id='word_1_107' title='bbox 760 3318 822 3364; x_wconf 91' lang='lat' dir='ltr'><strong>nee</strong></span> <span class='ocrx_word' id='word_1_108' title='bbox 841 3302 962 3365; x_wconf 88' lang='lat' dir='ltr'><strong>voeata</strong></span> <span class='ocrx_word' id='word_1_109' title='bbox 985 3318 1076 3364; x_wconf 85' lang='lat' dir='ltr'><strong>mens</strong></span> <span class='ocrx_word' id='word_1_110' title='bbox 1098 3301 1157 3363; x_wconf 90' lang='lat' dir='ltr'><strong>tua</strong></span> 
     </span>
     <span class='ocr_line' id='line_1_27' title="bbox 469 3408 908 3478; baseline 0 -3"><span class='ocrx_word' id='word_1_111' title='bbox 469 3409 593 3478; x_wconf 87' lang='lat' dir='ltr'><strong>Marsis</strong></span> <span class='ocrx_word' id='word_1_112' title='bbox 614 3409 740 3477; x_wconf 81' lang='lat' dir='ltr'><strong>redibit</strong></span> <span class='ocrx_word' id='word_1_113' title='bbox 762 3408 908 3476; x_wconf 83' lang='lat' dir='ltr'><strong>voeibus.</strong></span> 
     </span>
    </p>

    <p class='ocr_par' dir='ltr' id='par_1_15' title="bbox 426 3519 1102 3722">
     <span class='ocr_line' id='line_1_28' title="bbox 426 3519 1102 3611; baseline -0.003 -24"><span class='ocrx_word' id='word_1_114' title='bbox 426 3521 536 3590; x_wconf 89' lang='lat' dir='ltr'><strong>Maius</strong></span> <span class='ocrx_word' id='word_1_115' title='bbox 556 3521 691 3611; x_wconf 89' lang='lat' dir='ltr'><strong>parabo,</strong></span> <span class='ocrx_word' id='word_1_116' title='bbox 714 3521 822 3588; x_wconf 91' lang='lat' dir='ltr'><strong>maius</strong></span> <span class='ocrx_word' id='word_1_117' title='bbox 844 3519 1017 3587; x_wconf 86' lang='lat' dir='ltr'><strong>infundam</strong></span> <span class='ocrx_word' id='word_1_118' title='bbox 1038 3519 1102 3587; x_wconf 89' lang='lat' dir='ltr'><strong>tibi</strong></span> 
     </span>
     <span class='ocr_line' id='line_1_29' title="bbox 469 3631 856 3722; baseline 0.003 -24"><span class='ocrx_word' id='word_1_119' title='bbox 469 3631 673 3700; x_wconf 83' lang='lat' dir='ltr'><strong>Fastidienti</strong></span> <span class='ocrx_word' id='word_1_120' title='bbox 693 3633 856 3722; x_wconf 83' lang='lat' dir='ltr'><strong>poculum,</strong></span> 
     </span>
    </p>

    <p class='ocr_par' dir='ltr' id='par_1_16' title="bbox 426 3742 1115 3946">
     <span class='ocr_line' id='line_1_30' title="bbox 426 3742 1115 3834; baseline -0.003 -23"><span class='ocrx_word' id='word_1_121' title='bbox 426 3743 587 3834; x_wconf 86' lang='lat' dir='ltr'><strong>Priusque</strong></span> <span class='ocrx_word' id='word_1_122' title='bbox 608 3743 736 3812; x_wconf 87' lang='lat' dir='ltr'><strong>eaelum</strong></span> <span class='ocrx_word' id='word_1_123' title='bbox 757 3744 847 3812; x_wconf 84' lang='lat' dir='ltr'><strong>sidet</strong></span> <span class='ocrx_word' id='word_1_124' title='bbox 865 3742 1006 3810; x_wconf 87' lang='lat' dir='ltr'><strong>inferius</strong></span> <span class='ocrx_word' id='word_1_125' title='bbox 1029 3743 1115 3809; x_wconf 89' lang='lat' dir='ltr'><strong>mari</strong></span> 
     </span>
     <span class='ocr_line' id='line_1_31' title="bbox 469 3854 910 3946; baseline -0.002 -24"><span class='ocrx_word' id='word_1_126' title='bbox 469 3854 602 3923; x_wconf 83' lang='lat' dir='ltr'><strong>Tellure</strong></span> <span class='ocrx_word' id='word_1_127' title='bbox 624 3861 781 3946; x_wconf 82' lang='lat' dir='ltr'><strong>porrecta</strong></span> <span class='ocrx_word' id='word_1_128' title='bbox 801 3876 910 3944; x_wconf 84' lang='lat' dir='ltr'><strong>super,</strong></span> 
     </span>
    </p>

    <p class='ocr_par' dir='ltr' id='par_1_17' title="bbox 428 3965 1138 4166">
     <span class='ocr_line' id='line_1_32' title="bbox 428 3965 1138 4053; baseline -0.006 -18"><span class='ocrx_word' id='word_1_129' title='bbox 428 3965 533 4050; x_wconf 77' lang='lat' dir='ltr'><strong>Quam</strong></span> <span class='ocrx_word' id='word_1_130' title='bbox 555 3990 621 4035; x_wconf 91' lang='lat' dir='ltr'><strong>non</strong></span> <span class='ocrx_word' id='word_1_131' title='bbox 643 3989 756 4035; x_wconf 91' lang='lat' dir='ltr'><strong>amore</strong></span> <span class='ocrx_word' id='word_1_132' title='bbox 777 3967 826 4035; x_wconf 88' lang='lat' dir='ltr'><strong>sio</strong></span> <span class='ocrx_word' id='word_1_133' title='bbox 846 3988 920 4034; x_wconf 88' lang='lat' dir='ltr'><strong>meo</strong></span> <span class='ocrx_word' id='word_1_134' title='bbox 942 3965 1064 4053; x_wconf 79' lang='lat' dir='ltr'><strong>flagres</strong></span> <span class='ocrx_word' id='word_1_135' title='bbox 1086 3965 1138 4031; x_wconf 87' lang='lat' dir='ltr'><strong>uti</strong></span> 
     </span>
     <span class='ocr_line' id='line_1_33' title="bbox 469 4073 911 4166; baseline -0.002 -21"><span class='ocrx_word' id='word_1_136' title='bbox 469 4079 627 4146; x_wconf 87' lang='lat' dir='ltr'><strong>Bitumen</strong></span> <span class='ocrx_word' id='word_1_137' title='bbox 649 4079 734 4148; x_wconf 86' lang='lat' dir='ltr'><strong>atris</strong></span> <span class='ocrx_word' id='word_1_138' title='bbox 756 4073 911 4166; x_wconf 81' lang='lat' dir='ltr'><strong>ignibus&#39;</strong></span> 
     </span>
    </p>
   </div>
   <div class='ocr_carea' id='block_1_3' title="bbox 426 4187 1270 4818">
    <p class='ocr_par' dir='ltr' id='par_1_18' title="bbox 428 4187 1230 4391">
     <span class='ocr_line' id='line_1_34' title="bbox 428 4187 1230 4280; baseline -0.001 -23"><span class='ocrx_word' id='word_1_139' title='bbox 428 4188 495 4258; x_wconf 87' lang='lat' dir='ltr'><strong>Sub</strong></span> <span class='ocrx_word' id='word_1_140' title='bbox 516 4190 600 4258; x_wconf 91' lang='lat' dir='ltr'><strong>haee</strong></span> <span class='ocrx_word' id='word_1_141' title='bbox 621 4212 705 4280; x_wconf 90' lang='lat' dir='ltr'><strong>puer</strong></span> <span class='ocrx_word' id='word_1_142' title='bbox 727 4191 793 4258; x_wconf 89' lang='lat' dir='ltr'><strong>iam</strong></span> <span class='ocrx_word' id='word_1_143' title='bbox 814 4213 887 4273; x_wconf 85' lang='lat' dir='ltr'><strong>non,</strong></span> <span class='ocrx_word' id='word_1_144' title='bbox 908 4196 948 4256; x_wconf 88' lang='lat' dir='ltr'><strong>ut</strong></span> <span class='ocrx_word' id='word_1_145' title='bbox 968 4195 1055 4270; x_wconf 83' lang='lat' dir='ltr'><strong>ante,</strong></span> <span class='ocrx_word' id='word_1_146' title='bbox 1076 4187 1230 4256; x_wconf 86' lang='lat' dir='ltr'><strong>mollibus</strong></span> 
     </span>
     <span class='ocr_line' id='line_1_35' title="bbox 469 4301 866 4391; baseline 0.005 -23"><span class='ocrx_word' id='word_1_147' title='bbox 469 4301 592 4370; x_wconf 88' lang='lat' dir='ltr'><strong>Lenire</strong></span> <span class='ocrx_word' id='word_1_148' title='bbox 614 4303 727 4371; x_wconf 90' lang='lat' dir='ltr'><strong>verbis</strong></span> <span class='ocrx_word' id='word_1_149' title='bbox 749 4303 866 4391; x_wconf 88' lang='lat' dir='ltr'><strong>inpias,</strong></span> 
     </span>
    </p>

    <p class='ocr_par' dir='ltr' id='par_1_19' title="bbox 427 4411 1148 4616">
     <span class='ocr_line' id='line_1_36' title="bbox 427 4411 1148 4502; baseline -0.004 -20"><span class='ocrx_word' id='word_1_150' title='bbox 427 4411 495 4482; x_wconf 85' lang='lat' dir='ltr'><strong>Sed</strong></span> <span class='ocrx_word' id='word_1_151' title='bbox 518 4412 646 4496; x_wconf 85' lang='lat' dir='ltr'><strong>dubius,</strong></span> <span class='ocrx_word' id='word_1_152' title='bbox 669 4414 756 4481; x_wconf 90' lang='lat' dir='ltr'><strong>unde</strong></span> <span class='ocrx_word' id='word_1_153' title='bbox 778 4418 949 4502; x_wconf 87' lang='lat' dir='ltr'><strong>rumperet</strong></span> <span class='ocrx_word' id='word_1_154' title='bbox 970 4413 1148 4493; x_wconf 87' lang='lat' dir='ltr'><strong>silentium,</strong></span> 
     </span>
     <span class='ocr_line' id='line_1_37' title="bbox 469 4525 928 4616; baseline -0.007 -22"><span class='ocrx_word' id='word_1_155' title='bbox 469 4525 565 4594; x_wconf 88' lang='lat' dir='ltr'><strong>Misit</strong></span> <span class='ocrx_word' id='word_1_156' title='bbox 586 4525 776 4616; x_wconf 75' lang='lat' dir='ltr'><strong>Thyesteas</strong></span> <span class='ocrx_word' id='word_1_157' title='bbox 797 4547 928 4615; x_wconf 78' lang='lat' dir='ltr'><strong>preces:</strong></span> 
     </span>
    </p>

    <p class='ocr_par' dir='ltr' id='par_1_20' title="bbox 426 4635 1270 4818">
     <span class='ocr_line' id='line_1_38' title="bbox 426 4635 1270 4726; baseline -0.005 -20"><span class='ocrx_word' id='word_1_158' title='bbox 426 4635 583 4706; x_wconf 82' lang='lat' dir='ltr'><strong>‘Venena</strong></span> <span class='ocrx_word' id='word_1_159' title='bbox 601 4660 702 4726; x_wconf 80' lang='lat' dir='ltr'><strong>maga</strong></span> <span class='ocrx_word' id='word_1_160' title='bbox 723 4661 789 4705; x_wconf 90' lang='lat' dir='ltr'><strong>non</strong></span> <span class='ocrx_word' id='word_1_161' title='bbox 810 4637 863 4705; x_wconf 88' lang='lat' dir='ltr'><strong>fas</strong></span> <span class='ocrx_word' id='word_1_162' title='bbox 885 4637 1050 4726; x_wconf 80' lang='lat' dir='ltr'><strong>nefasque,</strong></span> <span class='ocrx_word' id='word_1_163' title='bbox 1072 4659 1136 4702; x_wconf 89' lang='lat' dir='ltr'><strong>non</strong></span> <span class='ocrx_word' id='word_1_164' title='bbox 1156 4637 1270 4702; x_wconf 89' lang='lat' dir='ltr'><strong>valent</strong></span> 
     </span>
     <span class='ocr_line' id='line_1_39' title="bbox 470 4747 1011 4818; baseline -0.002 -2"><span class='ocrx_word' id='word_1_165' title='bbox 470 4747 676 4818; x_wconf 80' lang='lat' dir='ltr'><strong>Convertere</strong></span> <span class='ocrx_word' id='word_1_166' title='bbox 698 4749 875 4818; x_wconf 88' lang='lat' dir='ltr'><strong>humanam</strong></span> <span class='ocrx_word' id='word_1_167' title='bbox 897 4748 1011 4816; x_wconf 84' lang='lat' dir='ltr'><strong>vioem.</strong></span> 
     </span>
    </p>
   </div>
   <div class='ocr_carea' id='block_1_4' title="bbox 0 0 1768 5468">
    <p class='ocr_par' dir='ltr' id='par_1_21' title="bbox 0 0 1768 5468">
     <span class='ocr_line' id='line_1_40' title="bbox 0 0 1768 5468; baseline 0 1"><span class='ocrx_word' id='word_1_168' title='bbox 0 0 1768 5468; x_wconf 95' lang='lat' dir='ltr'><strong> </strong></span> 
     </span>
    </p>
   </div>
  </div>
 </body>
</html>
