3566 5460
916 417 1122 480 CARMINVM

627 601 745 671 Visam
764 603 946 670 Britannos
967 603 1155 693 hospitibus
1177 605 1265 672 feros

627 713 676 781 Et
694 715 820 781 laetum
843 715 962 804 equino
991 716 1152 800 sangnine
1179 715 1377 796 Concanum,

672 824 788 892 Visam
808 826 1023 913 pharetratos
1047 825 1191 894 Gelonos

713 936 762 1003 Et
784 935 977 1025 Scythicum
996 937 1178 1006 inviolatus
1201 961 1337 1007 amnem.

628 1126 698 1194 Vos
722 1124 898 1194 Caesarem
921 1127 1034 1206 altum,
1056 1126 1177 1194 militia
1199 1128 1296 1196 simul

627 1238 750 1306 Fossae
772 1237 924 1306 cohortes
947 1237 1077 1305 abdidit
1098 1239 1237 1328 oppidis,

670 1348 785 1417 Finire
807 1357 1021 1439 quaerentem
1041 1350 1173 1418 labores

712 1460 823 1528 Pierio
845 1462 1005 1530 recreatis
1028 1468 1134 1530 antro.

628 1665 697 1734 Vos
718 1667 793 1734 lene
817 1667 989 1735 consilium
1010 1675 1046 1736 et
1068 1669 1158 1736 datis
1179 1675 1214 1736 et
1235 1669 1314 1738 dato

630 1777 803 1859 Gaudetis,
825 1779 940 1847 almae.
984 1778 1121 1861 Scimus,
1142 1786 1182 1847 ut
1202 1781 1311 1870 inpios

671 1889 811 1957 'l'itanas
834 1891 1075 1981 immanemque
1096 1893 1230 1958 turbam

713 2001 865 2069 Fulmina
889 2003 1063 2070 sustulerit
1087 2003 1237 2084 †caduoo,

606 2206 695 2317 'Qui
716 2214 842 2275 terram
864 2209 1013 2287 inertem,
1036 2209 1092 2298 qui
1115 2233 1205 2278 mars
1227 2217 1395 2300 temperat

628 2317 811 2386 Ventosum
831 2325 867 2386 et
887 2321 1021 2388 umbras
1044 2344 1212 2412 regnaque
1235 2323 1349 2390 tristia

670 2430 842 2520 Divosque
864 2432 1086 2524 mortalesque
1108 2439 1235 2502 turmas

713 2542 858 2631 imperio
881 2544 972 2630 regit
990 2568 1075 2612 unns
1098 2567 1212 2635 aequo.

626 2747 786 2834 Magnum
807 2748 868 2815 illa
889 2755 1051 2817 terrorem
1074 2751 1237 2820 intulerat
1256 2753 1330 2820 Iovi

626 2857 751 2927 Fidens
773 2859 931 2928 iuventus
953 2861 1090 2930 horrida
1111 2863 1274 2932 branchiis

668 2969 872 3060 Fratresque
894 2973 1072 3042 tendentes
1095 2998 1198 3064 opaco

712 3082 829 3150 Pelion
850 3084 1036 3172 inposuisse
1061 3086 1212 3176 Olympo.

626 3287 693 3356 Sed
712 3289 791 3378 quid
812 3291 992 3379 Typhoeus
1015 3298 1051 3359 et
1072 3292 1205 3361 validus
1225 3293 1345 3362 Mimas

626 3398 700 3467 Ant
722 3399 803 3489 quid
823 3402 945 3468 minaci
966 3401 1178 3493 Porphyrion
1202 3411 1303 3486 stato,

669 3510 757 3592 Quid
777 3509 929 3580 Rhoetus
952 3514 1138 3602 evolsisque
1161 3516 1289 3584 truncia

709 3621 899 3690 Enceladus
920 3623 1086 3692 iaculator
1112 3625 1223 3693 audax

626 3825 753 3894 Contra
774 3835 947 3896 sonantem
970 3829 1118 3898 Palladis
1142 3832 1260 3918 aegida

624 3937 769 4006 Possent
790 3942 951 4008 ruentes?
994 3941 1083 4008 Hinc
1105 3943 1223 4012 avidus
1245 3945 1344 4012 stetit

667 4049 845 4130 Volcanus,
868 4049 945 4118 hino
967 4060 1121 4121 matrona
1142 4055 1224 4122 Iuno
1248 4061 1284 4121 et

709 4159 898 4249 Numquam
920 4165 1042 4232 umeris
1064 4166 1234 4253 positruus
1257 4189 1377 4246 arcum,

625 4365 690 4447 Qui
712 4389 787 4435 rore
808 4391 891 4456 puro
916 4368 1084 4438 Castaliae
1105 4370 1192 4438 lavit

625 4475 743 4545 Crines
765 4479 899 4560 solutos,
923 4481 979 4569 qui
1001 4481 1128 4569 Lyciae
1150 4488 1245 4549 tenet

667 4588 814 4656 Dumeta
837 4591 1046 4680 natalemque
1068 4592 1196 4673 silvam,

709 4699 828 4767 Delius
851 4708 887 4768 et
906 4701 1069 4772 Patareus
1092 4703 1221 4794 Apollo.
