3566 5460
547 1379 1162 1497 CARMINVM

697 1612 814 1676 LIBER
835 1613 1013 1689 Qvultrva.

844 1802 872 1876 I.

415 1914 621 2042 intermissa
643 1960 765 2044 Venus,
788 1961 846 2030 diu

456 2071 586 2140 Rursus
606 2073 697 2141 bella
718 2075 853 2143 moves?
896 2075 1010 2159 Parce,
1033 2100 1158 2166 precor,
1181 2101 1306 2168 precor.

413 2183 490 2252 Non
510 2209 582 2252 sum
604 2185 712 2275 qualis
735 2208 826 2254 eram
846 2189 953 2255 bonae

457 2295 525 2363 Sub
546 2319 649 2384 regno
675 2297 824 2367 Cinarae.
867 2299 1001 2382 Desine,
1023 2300 1168 2369 dulcium

414 2467 525 2538 Mater
546 2492 648 2539 saeva
670 2469 878 2560 Cupidinum,

457 2581 555 2650 birca
575 2583 682 2650 lustra
705 2583 818 2652 decem
839 2585 974 2653 flectere
996 2585 1149 2654 mollibus

414 2693 486 2760 Iem
509 2694 627 2762 durum
647 2695 813 2784 imperiis:
838 2697 901 2780 abi,

457 2804 530 2888 Quo
552 2807 694 2875 blandae
715 2809 871 2876 iuvenum
897 2815 932 2876 te
954 2816 1115 2878 revocant
1136 2831 1261 2899 preces.

414 2977 661 3068 Tempestivius
682 2981 719 3048 in
741 2981 835 3049 domo

457 3086 563 3174 Pauli,
583 3093 761 3182 purpureis
783 3093 853 3161 eles
876 3093 1029 3176 oloribus,

416 3201 644 3272 comissabere
666 3204 813 3288 Maximi,

457 3313 494 3383 ai
515 3321 645 3384 torrere
668 3317 761 3385 ieeur
782 3318 914 3407 quaeris
936 3317 1098 3386 idoneum

414 3487 565 3580 Namque
588 3496 625 3557 et
646 3489 766 3558 nobilis
788 3496 825 3557 et
844 3489 964 3558 decens

457 3599 506 3668 Et
527 3623 588 3691 pro
612 3601 765 3670 sollicitis
787 3625 853 3669 non
871 3602 998 3670 tacitus
1019 3601 1086 3670 reis

414 3711 463 3780 Et
486 3718 617 3781 centum
638 3736 724 3803 puer
745 3713 868 3782 artium

457 3825 544 3894 Late
567 3826 665 3913 signa
686 3827 773 3894 feret
793 3826 935 3895 militiae
957 3833 1053 3911 tuae;

415 3997 463 4065 at
483 3998 681 4090 quandoque
703 3998 873 4089 potentior

459 4109 563 4198 Largi
584 4111 774 4179 muneribus
793 4110 909 4180 riserit
932 4111 1061 4192 aemuli,

416 4221 566 4292 Albanos
587 4245 690 4313 prope
711 4229 746 4292 te
769 4223 862 4292 lacus

458 4335 566 4404 Ponet
586 4357 802 4403 marmoream
825 4335 886 4404 sub
907 4335 1011 4402 trabe
1025 4334 1140 4402 citrea.

417 4507 490 4576 Illic
511 4509 655 4599 plurima
676 4508 813 4576 naribus

458 4621 568 4690 Duces
590 4627 668 4688 tura
690 4621 849 4711 lyraeque
872 4625 907 4686 et
928 4617 1150 4708 Berecyntiae

417 4732 636 4801 Delectebere
656 4733 758 4801 tibiae

457 4845 574 4916 Mirtis
597 4845 795 4914 carminibus
817 4868 883 4912 non
905 4845 977 4912 sine
999 4844 1128 4931 listula;
1302 4947 1316 4978 s

1281 4951 1297 4999 6
