3562 5456
280 473 301 539 8

844 474 1049 536 GARMINVM

280 681 314 732 25
429 659 517 745 ‘Quo
538 685 598 729 nos
621 685 756 751 cumque
777 662 865 728 feret
885 661 1002 728 melior
1022 662 1158 728 fortuna
1179 665 1326 749 parente,

476 775 611 855 Ibimus,
634 797 652 840 o
675 773 756 842 socii
779 775 995 864 comitesque!

434 886 492 954 Nil
521 886 763 975 desperandum
791 887 917 955 Teucro
949 887 1030 953 duce
1061 891 1097 952 et
1126 886 1259 973 auspice
1283 884 1445 951 l'l'encro:

478 997 599 1066 Certus
621 999 708 1066 euim
727 998 880 1087 promisit
901 997 1023 1086 Apollo

433 1170 634 1258 Ambiguum
655 1169 776 1238 tellure
799 1195 886 1238 nova
908 1169 1078 1238 Salamina
1097 1172 1252 1238 futuram.
1394 1170 1399 1180 ’

477 1283 505 1350 0
528 1284 633 1351 fortes
655 1283 833 1373 peioraque
855 1283 946 1372 passi

434 1397 562 1463 Mecum
585 1418 684 1485 saepe
706 1396 779 1478 viri,
799 1419 885 1462 nunc
906 1395 983 1462 vino
1006 1396 1122 1483 pellite
1144 1418 1254 1479 curas;

478 1507 561 1576 Cras
582 1508 700 1596 ingens
722 1507 917 1576 iterabimus
939 1503 1083 1597 aequor.'

894 1905 999 1982 VIII.

435 2059 555 2149 Lydia,
579 2058 639 2140 dic,
662 2083 722 2148 per
744 2081 855 2126 omnes

476 2172 524 2239 'Ie
547 2171 626 2239 deos
648 2196 714 2254 oro,
737 2171 881 2260 Sybarin
905 2195 962 2239 cur
984 2195 1144 2261 properas
1166 2173 1304 2240 amando

434 2284 603 2352 Perdere?
634 2308 692 2352 cur
714 2284 861 2373 apricum

477 2396 613 2464 *Oderit
636 2420 792 2485 campum,
815 2397 948 2486 patiens
970 2397 1118 2486 pulveris
1140 2405 1241 2488 atquc
1264 2398 1368 2466 solis?

435 2567 503 2636 Cur
521 2592 627 2658 neque
649 2569 812 2637 militares

475 2682 570 2748 Inter
591 2682 745 2771 aequales
768 2681 906 2770 equitat,
929 2681 1060 2749 Gallica
1082 2704 1142 2749 nec
1163 2682 1288 2771 lupatis

434 2795 615 2882 Temperat
637 2817 696 2862 ora
718 2794 844 2862 frenis?

478 2905 546 2973 Cur
573 2906 672 2973 timet
699 2906 821 2974 flevum
842 2905 988 2972 Iiberim
1016 2909 1181 2994 tangere?
1226 2904 1294 2974 Cur
1323 2909 1446 2975 olivum

434 3078 603 3166 Sanguine
625 3078 775 3167 viperino

477 3190 615 3259 Cautius
637 3191 734 3274 vitat,
756 3213 862 3283 neque
884 3191 950 3260 iarn
972 3191 1078 3260 livida
1100 3197 1215 3278 gestat
1236 3193 1337 3260 armis
1390 3239 1392 3244 ·

433 3304 604 3386 Bracchia,
628 3327 727 3393 saepe
749 3305 848 3386 disco,

476 3415 583 3506 Saepe
603 3422 698 3484 trans
719 3417 817 3484 finem
838 3417 944 3484 iaculo
968 3417 1088 3484 nobilis
1112 3417 1291 3505 expedito?

435 3586 523 3670 Quid
542 3588 637 3670 latet,
659 3595 698 3655 ut
719 3588 866 3656 marinae

476 3699 598 3766 Filium
619 3700 734 3768 dicunt
755 3699 908 3768 Thetidis
931 3701 990 3768 sub
1012 3700 1188 3769 lacrimosa
1208 3701 1329 3768 Troiae

297 3830 313 3882 ὁ
433 3811 575 3894 Funera,
596 3834 637 3879 ne
660 3811 769 3880 virilia

477 3922 595 3992 Cultus
616 3924 651 3990 in
672 3923 806 3992 caedem
828 3931 864 3992 et
885 3923 1008 4013 Lycias
1030 3925 1219 4013 proriperet
1243 3927 1421 3992 catervas?

887 4318 1012 4396 VIIII.

432 4474 537 4542 Vides
558 4480 599 4541 ut
620 4473 692 4540 elta
714 4478 784 4541 stet
806 4473 883 4540 nive
906 4472 1080 4540 candidum

433 4586 578 4668 Soracte,
600 4608 661 4653 nec
683 4586 748 4652 iam
771 4585 959 4653 sustineant
981 4609 1062 4654 onus

476 4697 590 4766 Silvae
611 4697 811 4778 laborantes,
834 4697 976 4786 geluque

518 4807 672 4877 Flumina
695 4809 907 4877 constiterint
928 4814 1037 4876 acuto.
