3562 5456
836 439 1040 511 caanffltvu

582 631 666 700 Iuno
688 638 724 700 et
744 631 879 701 deorum
900 633 1048 724 quisquis
1072 633 1206 702 amicior

582 743 677 812 Afris
699 744 808 812 inulte
830 750 978 813 cesserat
999 746 1153 829 inpotens

625 855 768 940 Tellure,
790 857 953 924 victorum
975 863 1114 948 nepotes

667 969 817 1037 Rettulit
836 969 973 1038 inferias
994 969 1186 1058 Iugurthae.

584 1124 666 1206 Quis
687 1147 752 1191 uon
775 1123 897 1193 Latino
920 1125 1081 1212 sanguine
1101 1125 1257 1213 pinguior

583 1234 727 1325 Campus
749 1237 909 1325 sepulcris
929 1237 1022 1325 inpia
1042 1237 1169 1326 proelia

625 1348 785 1416 Testatur
807 1349 1019 1440 auditumque
1040 1348 1149 1417 Medis

667 1460 852 1550 Hesperiae
876 1462 1018 1530 sonitum
1040 1461 1179 1530 ruinae?

583 1614 648 1698 Qui
670 1638 794 1704 gurges
817 1622 876 1684 aut
898 1640 983 1707 quae
1003 1617 1139 1685 flumina
1160 1617 1312 1705 lugubris

582 1727 707 1816 Ignara
728 1729 832 1796 belli?
854 1730 943 1819 quod
961 1751 1052 1798 mare
1073 1729 1227 1799 Dauniae

624 1838 700 1908 Non
723 1840 956 1909 decoloravere
979 1842 1121 1910 caedes?

668 1951 762 2035 Quae
785 1959 878 2021 curet
898 1976 956 2020 ora
979 1975 1093 2021 cruore
1115 1954 1253 2021 nostro?

583 2105 650 2174 Sed
673 2131 714 2176 ne
736 2108 872 2190 relictis,
893 2107 1000 2192 Musa,
1022 2131 1146 2197 procax
1168 2109 1249 2177 iocis

584 2218 671 2286 Ceae
692 2226 859 2289 retractes
880 2221 993 2289 munia
1014 2221 1141 2304 neniae,

625 2331 755 2399 Mecum
777 2333 927 2400 Dionaeo
948 2334 1008 2401 sub
1031 2339 1128 2401 antro

668 2443 800 2526 Quaere
822 2444 936 2514 modos
958 2445 1083 2514 leviore
1104 2445 1240 2533 plectro.

918 2807 968 2884 H.

582 2959 703 3028 Nullus
726 2967 866 3048 argento
888 2963 978 3030 color
999 2959 1052 3030 est
1074 2963 1184 3032 avaris

582 3073 709 3140 Abdito
730 3074 840 3157 terris,
862 3074 993 3142 inimice
1015 3075 1145 3164 lamnae

583 3183 700 3269 Crispe
722 3184 870 3270 Sallusti,
895 3188 961 3256 nisi
979 3193 1165 3278 temperato

626 3296 807 3388 Splendeat
827 3323 897 3369 usu

582 3451 685 3520 Vivet
706 3460 844 3522 extento
865 3453 1059 3524 Proculeius
1081 3477 1164 3526 aevo

582 3563 692 3632 Notus
713 3565 749 3632 in
770 3566 895 3634 iratres
918 3567 1018 3634 animi
1039 3568 1187 3657 paterni:

582 3675 681 3744 illurn
702 3685 783 3765 aget
801 3679 904 3769 pinna
925 3685 1095 3748 metuente
1120 3681 1206 3748 solvi

625 3788 730 3858 Fama
751 3797 930 3880 superstes.

582 3943 703 4014 Latius
725 3967 845 4033 regnes
867 3946 1002 4014 avidum
1023 3946 1186 4014 domando

582 4055 743 4145 Spiritum
766 4079 862 4148 quam
884 4059 914 4126 si
935 4056 1078 4146 Libyam
1099 4058 1236 4126 remotis

584 4167 733 4236 Gadibus
752 4169 870 4256 iunges
890 4175 926 4236 et
946 4175 1089 4259 uterquc
1110 4167 1241 4238 Poenus

625 4279 761 4350 Serviat
780 4281 846 4348 uni.

583 4441 714 4512 Crescit
734 4443 910 4532 indulgens
931 4445 995 4512 sibi
1017 4443 1110 4512 dirus
1131 4444 1288 4534 hydrops,

583 4555 656 4624 Nec
676 4556 768 4624 sitim
788 4557 894 4646 pallis
915 4557 980 4624 nisi
1005 4579 1104 4626 eausa
1126 4558 1231 4625 morbi

584 4667 728 4756 Fugerit
748 4668 843 4736 venis
867 4675 903 4736 et
925 4691 1066 4757 aquosus
1087 4668 1163 4737 albo

625 4779 770 4870 Corpore
792 4780 941 4868 languor.
