3526 5468
931 497 1088 559 EPODON

590 682 739 750 Peousve
761 680 912 749 Calabris
938 687 1014 748 ante
1037 682 1128 750 sidus
1150 682 1315 749 fervidum

633 793 770 861 Lucana
791 798 900 860 mutet
921 793 1061 882 pascuis,

590 903 707 994 Neque
729 910 768 973 ut
790 905 924 994 superni
946 905 1027 972 villa
1047 904 1191 972 candens
1213 904 1348 972 Tusculi

633 1014 772 1084 Circaea
794 1021 917 1103 tangat
937 1016 1074 1084 moenia

590 1127 681 1198 Satis
703 1149 868 1218 superque
889 1149 941 1196 me
962 1127 1155 1214 benignitas
1177 1132 1238 1196 tua

632 1240 783 1308 Ditavit:
806 1239 898 1307 haud
917 1261 1088 1329 paravero,

590 1351 687 1433 Quod
708 1358 769 1419 aut
790 1374 913 1420 avarus
934 1356 975 1418 ut
995 1350 1153 1419 Chremes
1175 1361 1268 1420 terra
1290 1373 1444 1440 premam,

631 1462 823 1533 Diseinotus
846 1470 906 1531 aut
927 1463 1065 1556 perdam
1086 1484 1197 1552 nepos.

906 1695 1111 1712 *—

984 1859 1031 1934 11.

586 2009 728 2081 ‘Beatus
749 2013 807 2081 ille
830 2012 887 2102 qui
909 2013 1025 2101 prooul
1046 2013 1200 2099 negotiis,

629 2123 679 2191 Vt
699 2124 810 2213 prisea
831 2145 914 2211 gens
936 2124 1134 2206 mortalium,

586 2236 736 2304 Paterna
757 2259 837 2304 rura
858 2236 963 2304 bobus
987 2241 1122 2304 exercet
1142 2236 1212 2304 suis

629 2346 767 2416 Solutus
789 2348 877 2415 omni
898 2347 1034 2416 faenore

585 2457 703 2549 Neque
725 2461 894 2527 excitatur
916 2459 1055 2527 olassioo
1076 2459 1171 2526 miles
1194 2459 1280 2527 truoi

627 2571 746 2660 Neque
768 2571 884 2638 horret
905 2571 1029 2638 iratum
1050 2593 1142 2638 mare

584 2682 770 2772 Forumque
791 2682 882 2749 vitat
903 2688 940 2748 et
960 2683 1103 2771 superba
1125 2681 1245 2750 oivium

627 2793 857 2861 Potentiorum
879 2793 1002 2861 limina

583 2904 675 2992 Ergo
697 2910 757 2972 aut
778 2903 897 2972 adulta
920 2904 1039 2973 vitium
1059 2906 1244 2995 propagine

626 3015 727 3084 Altae
747 3017 886 3084 maritat
907 3017 1047 3105 populos

582 3126 789 3217 Inutilesque
810 3127 896 3196 falae
917 3151 1027 3197 ramos
1052 3135 1229 3218 amputans

625 3238 806 3308 Feliciores
827 3240 954 3321 inserit

582 3350 656 3418 Aut
677 3373 795 3440 pressa
816 3352 910 3440 puris
931 3351 1032 3419 mella
1053 3351 1167 3420 eondit
1187 3353 1363 3442 amphoris,

625 3462 699 3530 Aut
721 3462 841 3530 tondet
862 3463 1012 3530 infirmas
1034 3485 1122 3544 oves,

582 3572 655 3640 Aut
675 3573 710 3640 in
733 3574 872 3643 reduote
893 3575 982 3642 valle
1003 3574 1220 3661 mugientium

624 3685 826 3774 Prospectat
848 3691 1000 3754 errantes
1020 3708 1150 3773 greges.

581 3795 645 3864 Vel
668 3820 741 3864 oum
762 3797 917 3865 decorum
939 3797 1075 3866 mitibus
1096 3799 1203 3888 pomis
1224 3804 1325 3887 eaput

624 3907 814 3976 Autumnus
835 3909 928 3996 agris
950 3909 1081 3991 extulit,

581 4018 630 4087 Vt
651 4019 779 4106 gaudet
800 4020 940 4088 insitiva
965 4021 1146 4111 deoerpens
1167 4021 1250 4109 pira„

624 4129 817 4198 certantem
838 4137 875 4200 et
895 4155 996 4200 uvam
1018 4154 1194 4222 pru-purae,

580 4240 654 4323 Qua
675 4248 868 4310 muneretur
888 4249 933 4325 ta,
956 4244 1087 4332 Priape,
1110 4248 1147 4311 et
1167 4250 1212 4326 te,
1234 4249 1332 4333 pater

623 4351 766 4434 Silvano,
789 4360 884 4421 tutor
904 4355 1026 4422 finium.

579 4462 681 4531 Libet
701 4465 812 4532 ieoere
833 4465 930 4534 modo
953 4467 1014 4533 sub
1036 4467 1174 4556 antiqua
1195 4467 1281 4548 ilioe,

621 4575 721 4643 Modo
743 4576 778 4643 in
799 4576 913 4645 tenaoi
933 4577 1092 4663 gramine.

579 4685 756 4754 Labuntur
777 4688 857 4756 eltis
878 4689 1013 4755 interim
1035 4689 1118 4776 ripis
1141 4712 1258 4780 aquae,

622 4795 815 4882 Queruntur
836 4800 871 4866 iu
893 4799 988 4868 silvis
1010 4821 1097 4881 aves,
