3566 5460
213 4888 385 4931 ΕΟΙΔΤΜ.

766 456 883 521 LIBER
904 459 938 520 Π.

461 639 643 707 Redditum
667 640 750 730 Cyri
773 642 856 709 solio
878 640 1073 710 Phruhaten

461 752 637 819 Dissidens
656 753 746 842 plebi
769 775 905 821 numero
925 755 1098 821 beatorum
1145 801 1147 806 -

460 863 588 932 Eximit
610 865 730 933 Virtus
752 867 972 956 populumque
995 867 1089 933 falsis

502 976 654 1044 Dedecet
672 977 724 1044 uti
1138 953 1143 966 ι

460 1148 613 1230 Vocibus,
636 1155 777 1236 regnunt
799 1156 834 1217 et
857 1150 1011 1218 diadema
1032 1157 1143 1219 tutum

459 1260 623 1330 Deferens
645 1262 703 1328 uni
725 1262 957 1351 propriamque
980 1263 1117 1344 laurum,

460 1372 618 1462 Quisquis
640 1374 795 1460 ingentes
816 1375 910 1441 oeulo
933 1374 1097 1441 inretorto

503 1481 660 1574 lspeotat
682 1507 829 1554 acervos.

801 1773 871 1848 ΙΙΙ.

459 1925 610 2013 Aequam
631 1931 796 1991 memento
818 1925 917 1992 rebus
940 1924 975 1990 in
998 1923 1111 1992 arduis

460 2035 603 2104 Servare
625 2042 778 2117 mentem
801 2060 866 2104 non
889 2057 984 2103 secus
1006 2037 1041 2102 in
1059 2037 1154 2105 bouis

501 2149 555 2217 Ab
577 2149 736 2216 insolenti
758 2155 980 2236 temperatam

544 2260 702 2341 Laetitia,
724 2261 883 2327 moriture
907 2258 1007 2340 Delli,

460 2429 526 2497 Seu
548 2437 695 2496 maestus
718 2430 806 2495 omni
827 2434 977 2518 tempore
998 2430 1132 2510 vixeris,

459 2538 526 2607 Seu
547 2547 582 2606 te
604 2541 639 2606 in
661 2546 787 2606 remoto
810 2540 959 2626 gramine
982 2563 1042 2628 per
1065 2540 1136 2610 dies

503 2651 638 2718 mestos
660 2651 859 2718 reclinatum
879 2651 990 2718 bearis

544 2762 709 2830 Interiora
732 2769 813 2830 nota
834 2762 979 2830 Falerni.

460 2933 550 3014 *Quo
573 2933 670 3022 pinus
690 2933 809 3020 ingens
832 2933 972 3022 albaque
993 2931 1134 3021 populus

460 3041 617 3110 Vmbram
639 3042 838 3132 hospitalem
860 3043 1048 3110 oonsooiare
1073 3048 1186 3109 amant

502 3153 644 3222 Remis?
689 3152 779 3236 Quid
801 3153 932 3244 obliquo
952 3153 1087 3220 laborat

545 3264 701 3355 Lympha
723 3265 827 3351 fugax
849 3265 1020 3354 trepidare
1043 3265 1140 3331 rivo?

461 3435 534 3503 Huc
556 3437 636 3502 vina
659 3441 694 3502 et
721 3441 895 3521 unguenta
923 3440 959 3501 et
986 3433 1123 3500 nimium
1150 3435 1270 3502 breves

461 3544 576 3613 Floras
600 3567 757 3613 amoenae
779 3545 867 3612 ferre
890 3545 966 3611 iube
988 3567 1092 3624 rosae,

501 3657 590 3724 Dum
611 3679 666 3722 res
689 3665 725 3723 et
745 3661 839 3722 aetas
862 3661 897 3722 et
919 3677 1067 3724 sororum

544 3766 620 3833 Fila
640 3767 743 3833 trium
766 3765 941 3855 patiuntur
963 3771 1048 3832 atra.

462 3935 568 4006 Cedes
591 3937 751 4026 coemptis
773 3937 915 4004 saltibus
937 3942 974 4004 et
995 3936 1089 4003 domo

460 4047 624 4139 Villnqne,
651 4049 758 4118 flavus
781 4071 879 4138 quam
901 4047 1032 4115 'liberis
1059 4047 1154 4127 lavit,

504 4159 619 4242 (ledes,
646 4166 682 4228 et
703 4160 884 4228 exstructis
906 4156 940 4226 in
963 4158 1070 4226 ultum

545 4271 687 4339 Divitiis
709 4271 859 4359 potietur
879 4270 985 4350 heres,

461 4437 617 4522 Divesne‚
640 4439 750 4530 priseo
773 4446 930 4508 etratus
953 4441 995 4508 ab
1018 4439 1143 4508 Inacho

460 4549 520 4620 Nil
541 4553 686 4620 interest
708 4577 750 4620 en
772 4575 899 4643 pauper
923 4558 958 4620 et
983 4552 1096 4619 infima

503 4665 556 4732 De
579 4672 680 4750 gente
703 4666 763 4732 sub
787 4665 863 4732 divo
887 4663 1033 4745 moreris,

549 4775 695 4844 Victima
715 4777 764 4843 nil
784 4775 975 4844 miserantis
998 4773 1083 4842 Oroi.

1294 4876 1312 4930 3
