3526 5468
660 1438 1073 1552 llPOIlON

806 1668 931 1732 LIBER.

854 1872 884 1946 Ι.

498 1989 573 2100 lus
595 2031 754 2100 niumm
774 2031 865 2100 ater
886 2031 957 2100 uta
977 2032 1120 2113 nauum,

541 2143 666 2226 Amice,
690 2143 949 2233 propugnacula,

497 2257 640 2324 Paratus
663 2278 758 2323 omne
780 2254 936 2324 Caesaris
956 2255 1139 2344 perieulum

540 2367 669 2449 Subire,
690 2368 875 2450 Maecenas,
896 2374 964 2435 tuo.

499 2479 588 2562 Quid
609 2502 676 2562 nos,
697 2479 816 2570 quibus
837 2484 874 2547 te
895 2479 970 2547 vita
991 2478 1021 2546 si
1043 2479 1227 2568 superstite

540 2591 699 2672 Iucunda,
721 2591 751 2659 ai
774 2595 899 2673 nonme,
919 2590 1058 2677 gravis?

498 2703 662 2772 Vtrumne
684 2703 768 2770 iussi
790 2723 1028 2792 persequemur
1049 2701 1154 2770 otium

539 2815 616 2883 Non
641 2814 737 2882 dulce
759 2814 794 2881 ni
815 2819 927 2882 teuurn
948 2813 1055 2895 simul,

498 2926 553 2994 An
576 2925 663 2993 hune
683 2926 839 3007 laborem,
860 2932 972 2994 mente
996 2925 1108 3006 laturi,
1131 2925 1228 2993 decet

541 3036 617 3119 Qua
635 3036 725 3105 ferra
746 3060 813 3105 non
834 3037 950 3106 molles
972 3037 1088 3105 viros?

497 3149 665 3231 Feremns,
688 3154 780 3217 etta
801 3149 858 3218 vel
878 3169 939 3238 per
957 3147 1096 3239 Alpium
1118 3148 1206 3235 iuge,

539 3259 781 3350 inhospitalem
803 3266 839 3328 at
861 3257 1046 3328 Caucasum

497 3372 562 3443 Vel
583 3372 765 3441 occidentis
785 3393 889 3461 neque
912 3371 957 3439 ad
977 3371 1131 3441 ultimum
1152 3372 1261 3440 sinum

540 3482 637 3552 Furti
658 3505 835 3574 sequemur
855 3488 1000 3573 pentura.

498 3595 620 3684 Reges,
641 3601 736 3664 tuum
757 3596 871 3664 labore
892 3595 973 3686 quid
994 3595 1104 3664 iuvem
1125 3619 1207 3678 meo,

540 3705 678 3775 Iubellie
699 3729 740 3775 ae
760 3706 873 3776 firmus
895 3709 1034 3796 parum?

499 3815 616 3887 Comes
636 3817 763 3887 minore
785 3841 859 3886 eum
879 3818 1013 3888 futurus
1034 3819 1069 3886 in
1090 3825 1190 3902 metu,

541 3929 606 4012 Qui
629 3929 735 3998 maior
755 3931 910 3998 absentee
933 3930 1052 3999 habet:

499 4039 548 4109 Vt
568 4040 726 4109 adsidens
745 4041 948 4131 inplumibus
968 4041 1070 4131 pullis
1091 4042 1164 4111 avie

542 4150 755 4242 Serpentium
776 4152 935 4242 adlapsus
956 4153 1056 4221 timet

498 4263 607 4350 Magis
627 4262 766 4346 relictis,
786 4285 853 4332 non
875 4263 928 4331 uti
949 4263 996 4334 eit
1018 4263 1123 4333 auxili

541 4373 672 4444 Latara
691 4374 768 4464 plue
787 4375 1031 4464 praesentibus.

499 4486 660 4554 Libenter
680 4485 743 4555 hoe
765 4491 801 4554 at
821 4509 916 4555 omne
937 4487 1140 4558 militabitur

542 4597 674 4666 Bellum
693 4597 729 4666 in
749 4603 830 4666 tune
851 4619 944 4688 spem
966 4599 1107 4686 gratiae,

498 4705 575 4776 Non
594 4713 634 4775 ut
655 4707 805 4778 iuveneia
826 4709 970 4797 inligata
993 4710 1145 4800 pluribus

541 4817 670 4888 Aratu-a
691 4819 843 4890 nitantur
862 4841 945 4906 mea,
