3566 5460
636 1201 675 1289 o
697 1201 874 1274 aonam
895 1201 1063 1272 rancor

542 1375 1159 1490 CARMINVM

706 1625 824 1687 LIBER
844 1623 994 1688 PRIMVS.

842 1795 871 1870 1.

442 1896 630 2006 Maecenas
651 1938 763 2007 atavis
787 1937 877 2006 edite
900 1939 1043 2027 regibus,

442 2051 470 2118 Ο
494 2059 530 2120 et
551 2050 755 2140 praesidium
777 2058 812 2118 et
833 2051 928 2119 dulce
953 2053 1053 2119 decus
1075 2074 1190 2133 meum,

441 2163 527 2232 Sunt
550 2187 631 2256 quos
653 2164 815 2232 curriculo
838 2165 1008 2253 pulverem
1031 2163 1240 2253 Olympicum

445 2277 628 2364 Collegisse
652 2275 747 2344 iuvat
768 2281 923 2368 metaque
945 2274 1085 2344 fervidis

442 2450 585 2518 Evitats
605 2450 690 2517 rotis
711 2449 886 2540 palmaque
907 2449 1044 2534 nobilis;

443 2562 621 2630 Terrarum
644 2561 793 2630 dominos
815 2561 929 2630 evehit
951 2560 995 2629 ad
1018 2560 1098 2628 deos

443 2674 549 2757 Hune,
571 2674 602 2741 si
622 2674 790 2742 mobilium
812 2677 913 2742 turba
935 2673 1116 2758 Quiritium

445 2786 564 2855 Centat
584 2784 780 2874 tergeminis
801 2787 921 2854 tollere
941 2786 1128 2867 honoribus,

443 2959 550 3040 Illum,
573 2959 602 3026 si
624 2959 757 3048 proprio
781 2959 931 3027 condidit
952 2959 1078 3040 horreo,

446 3070 615 3161 Quidquid
637 3071 677 3139 de
699 3071 837 3162 Libycis
857 3072 1005 3140 verritur
1027 3073 1122 3140 areis.

447 3181 658 3251 Gaudentem
676 3185 806 3273 patrios
828 3185 954 3252 findere
977 3186 1107 3254 sarculo

446 3295 558 3384 Agros
579 3295 742 3364 Attalicis
763 3297 1010 3365 condicionibus

447 3467 634 3560 Numquam
657 3469 841 3550 demoveas,
863 3477 903 3537 ut
923 3471 1020 3538 trabe
1044 3468 1170 3559 Cypria

447 3581 618 3670 Myrtoum
639 3582 781 3671 pavidus
804 3588 909 3650 nauta
930 3589 1022 3650 secet
1046 3605 1145 3650 mare.

448 3691 646 3761 Luctantem
667 3693 787 3763 icariis
808 3695 964 3762 fluctibus
986 3693 1138 3764 Africum

449 3805 614 3874 Mercator
635 3812 785 3875 metuens
808 3807 912 3875 otium
935 3813 970 3875 et
990 3807 1106 3896 oppidi

450 3975 583 4046 Laudat
602 4001 682 4047 rura
702 3979 770 4066 sui;
791 4003 867 4047 mox
889 3979 999 4048 reficit
1017 3985 1109 4048 rates

452 4089 608 4174 Quassas,
629 4091 782 4160 indocilis
803 4093 995 4182 pauperiem
1017 4093 1099 4182 pati.

451 4199 514 4272 Est
535 4205 592 4296 qui
614 4226 676 4272 neo
698 4205 825 4274 veteris
846 4205 963 4294 pocula
983 4204 1120 4274 Massici

451 4314 521 4384 Nee
546 4323 677 4406 partem
700 4317 804 4385 solido
827 4316 959 4386 demere
982 4316 1023 4386 de
1044 4317 1098 4384 die

451 4485 594 4578 Spernit
617 4513 703 4558 nunc
725 4489 826 4557 viridi
847 4492 993 4559 membra
1016 4492 1075 4558 sub
1098 4491 1216 4558 arbuto

451 4599 596 4682 Stratus,
618 4625 705 4670 nnnc
726 4602 771 4670 ad
793 4625 898 4692 aquae
920 4603 995 4671 lene
1019 4607 1120 4692 caput
1142 4625 1266 4670 sacrae.

451 4712 577 4781 Multos
598 4721 710 4782 castra
731 4715 851 4782 iuvant
873 4721 909 4781 at
931 4715 1015 4781 lituo
1037 4716 1139 4782 tubae

453 4823 643 4896 Permixtas
665 4827 793 4896 sonitus
815 4827 965 4918 bellaque
988 4827 1151 4896 matribus
