3526 5468
238 4869 400 4912 noum.

764 429 883 504 LIBER
903 442 968 504 1111.

454 623 542 706 (Non
562 625 650 692 enim
671 624 811 714 posthac
832 625 900 694 ulie
922 625 1036 694 calebo

453 734 605 820 Femina)
628 735 780 804 condisce
802 738 924 817 modos,
948 737 1091 806 emenda

454 847 543 915 Voce
567 871 650 938 quos
671 848 809 916 reddes:
832 850 1023 918 minuentur
1045 855 1140 919 atrae

497 957 650 1026 Carmine
674 981 781 1028 curae.

764 1177 967 1186 ψ.-

823 1331 909 1406 XII.

453 1481 525 1550 Iam
545 1483 636 1551 veris
659 1483 804 1564 comites,
827 1506 911 1573 ques
932 1507 1022 1553 mare
1042 1491 1238 1575 temperent

454 1592 625 1682 Inpellunt
646 1594 776 1662 enimse
798 1595 905 1663 lintea
924 1597 1106 1683 Thraoiee;

454 1706 523 1772 Iam
547 1727 608 1772 nec
631 1710 731 1794 prote
752 1707 866 1793 rigent
886 1729 947 1775 nec
968 1709 1063 1776 fluvii
1086 1714 1242 1798 strepunt

496 1815 647 1884 Hiberna
669 1817 746 1885 nive
768 1819 905 1905 turgidi

453 1969 577 2038 Nidum
598 1971 701 2053 ponit,
724 1971 806 2061 Ityn
827 1972 986 2041 flebiliter
1007 1995 1151 2060 gemens,

453 2081 574 2149 Infelix
597 2081 670 2150 evis
692 2088 728 2150 et
750 2082 930 2173 Cecropiae
952 2085 1068 2152 domus

453 2194 639 2261 Aeternum
659 2195 879 2283 opprobrium,
902 2196 991 2285 quod
1014 2196 1098 2265 mele
1120 2199 1280 2266 barbares

496 2305 662 2393 Regumst
683 2305 757 2372 ulte
777 2305 942 2374 libidines.

453 2459 580 2528 Dicunt
600 2459 636 2526 iu
655 2465 771 2527 tenero
793 2460 943 2546 gremino
966 2461 1139 2549 pinguium

454 2570 618 2638 Custodes
639 2571 750 2639 ovium
770 2572 919 2639 carmine
941 2571 1056 2640 fistule

453 2683 696 2772 Delectantque
718 2682 824 2763 deum,
848 2683 901 2750 oui
922 2705 1024 2772 pecus
1046 2691 1083 2751 et
1107 2685 1225 2772 nigrae

496 2793 607 2862 Colles
627 2792 795 2861 Arcadiae
813 2794 956 2882 placent.

453 2947 635 3016 Adduxere
657 2947 748 3015 sitim
767 2954 926 3036 temporoq
948 2947 1093 3036 Vergili;

453 3059 521 3128 Sed
541 3082 692 3150 pressum
713 3057 850 3126 Calibus
873 3059 994 3127 ducere
1015 3060 1174 3128 Liberum

453 3171 491 3240 Si
509 3172 624 3259 gestis,
645 3171 802 3240 iuvenum
819 3170 979 3238 nobilium
1002 3171 1112 3253 cliens,

496 3281 610 3352 Nerdo
632 3282 713 3352 vine
732 3282 921 3350 mereberis.

453 3436 562 3506 Nerdi
582 3459 707 3527 pervus
730 3459 821 3525 onyx
843 3435 957 3504 eliciet
978 3435 1104 3518 eodum,

455 3548 520 3631 Qui
541 3571 628 3616 nunc
649 3547 806 3637 Sulpiciis
828 3548 974 3615 adcubat
994 3547 1132 3630 horreis,

454 3659 538 3750 Spes
559 3661 684 3728 donare
704 3682 810 3728 noves
833 3659 948 3746 lurgus
970 3681 1148 3750 amorsque

497 3771 659 3844 Cunarum
681 3772 793 3839 eluere
817 3770 945 3838 efficax.

453 3925 510 3995 Ad
532 3949 614 4018 quae
636 3927 666 3994 si
687 3925 817 4014 reperis
839 3923 970 4012 gaudie,
994 3949 1066 3992 oum
1087 3931 1149 3992 tue

453 4037 562 4107 Velox
584 4059 693 4110 merce
714 4036 810 4103 veni:
831 4059 897 4103 non
917 4057 979 4122 ego
999 4041 1034 4103 te
1056 4037 1139 4104 meis

453 4149 625 4220 Inmunem
646 4143 789 4220 meditor
810 4147 943 4234 tingere
962 4147 1098 4236 poculis,

496 4261 601 4330 Plena
624 4261 719 4332 dives
742 4265 782 4328 ut
806 4259 841 4325 in
864 4258 968 4327 dome.

454 4416 579 4485 Verum
600 4437 685 4506 pone
706 4437 823 4510 mores¹
838 4418 875 4480 et
893 4412 1040 4481 studium
1061 4413 1147 4481 lucri

453 4527 700 4615 Nigrorumque
722 4548 854 4608 memor,
879 4525 956 4592 dum
978 4523 1067 4606 licet,
1086 4524 1214 4612 ignium

452 4641 556 4709 Misce
577 4639 760 4708 stultitiam
780 4636 927 4706 consiliis
947 4636 1101 4704 brevem:

495 4753 636 4822 Duloest
657 4751 809 4840 desipere
830 4749 865 4816 in
886 4749 968 4816 loco.
