3566 5460
780 439 898 508 LIBER
918 439 968 507 ΠΙ.

479 627 544 696 Hic
566 627 638 697 dice
660 650 740 697 vere
761 629 844 697 mihi
865 630 973 700 fectus
994 636 1086 700 atrae

479 739 615 809 Eximat
636 763 751 825 curas;
773 764 835 829 ego
856 766 944 810 nuno
964 744 1168 826 tumultum

480 851 576 921 Nunc
597 853 682 920 mori
705 877 766 944 per
786 853 854 922 vim
876 861 1022 922 metuam
1043 861 1181 932 tenente

522 963 667 1033 Caesare
690 973 808 1034 terras.

479 1119 506 1202 Ι,
527 1125 606 1208 pete
628 1127 843 1208 unguentum,
864 1143 956 1209 puer,
977 1128 1014 1190 et
1035 1144 1173 1190 coronae

480 1230 526 1298 Et
548 1230 665 1299 cadum
686 1231 791 1300 Marsi
813 1255 990 1300 memorem
1013 1233 1125 1316 duelli,

480 1341 679 1433 Spartacum
701 1344 798 1435 siqua
817 1345 930 1434 potuit
949 1351 1130 1432 vagantem

521 1455 655 1524 Fallere
675 1461 774 1524 testa.

480 1609 543 1680 Dic
566 1616 602 1678 et
625 1616 765 1697 argutae
787 1617 947 1700 properet
967 1610 1119 1681 Neaerae

479 1722 649 1790 Murreum
672 1722 759 1790 nodo
782 1723 956 1791 cohibente
980 1723 1118 1790 crinem:

480 1831 517 1902 Si
537 1855 599 1923 per
620 1834 765 1903 invisum
787 1858 881 1903 mora
902 1833 1080 1903 ianitorem

521 1944 610 2033 Fiet
631 1945 732 2015 abito.

480 2099 582 2168 Lenit
603 2099 775 2170 albescens
796 2101 924 2170 animos
946 2101 1087 2192 capillus

480 2211 608 2280 Litium
631 2219 667 2280 et
690 2213 783 2281 rixae
806 2193 943 2301 cupidhs
964 2219 1161 2302 protervae;

480 2323 556 2392 Non
580 2347 642 2412 ego
663 2325 727 2393 hoc
747 2325 870 2392 ferrem
893 2325 1019 2394 calidus
1044 2327 1183 2394 iuventa

525 2434 668 2504 Consule
689 2435 821 2505 Planco.

836 2696 918 2773 XV.

481 2843 575 2916 onr
594 2849 750 2938 pauperis
771 2848 877 2938 Ibyci,

524 2959 672 3028 Tandem
694 2960 865 3051 nequitiae
887 2961 953 3048 fige
975 2960 1107 3028 modum
1128 2966 1207 3029 tuae

481 3070 694 3162 Famoeieque
715 3071 902 3156 laboribue;

524 3183 658 3251 Maturo
679 3183 816 3273 propior
838 3183 952 3252 desine
974 3183 1085 3252 funeri

481 3336 577 3406 Inter
598 3338 713 3406 ludere
733 3339 883 3425 virgines

524 3449 572 3517 Et
593 3449 702 3518 stellis
722 3450 876 3518 nebulam
898 3471 1058 3538 spargere
1080 3449 1239 3518 candidis.

482 3561 566 3644 Non,
585 3561 695 3652 siquid
716 3560 872 3644 Pholoen,
895 3562 978 3630 eatis

524 3673 572 3740 Et
592 3679 638 3755 te,
661 3671 784 3756 Chlori,
806 3673 917 3742 decet:
940 3673 1012 3740 filia
1033 3673 1158 3742 recline

482 3827 666 3917 Expugnat
686 3828 842 3897 iuvenum
865 3827 986 3909 domos,

525 3937 627 4007 Pulso
649 3939 778 4028 Thyias
799 3939 853 4007 uti
875 3939 1004 4007 concita
1025 3945 1195 4029 tympano.

483 4049 581 4118 illam
604 4057 705 4138 cogat
727 4074 819 4119 amor
840 4049 948 4118 Nothi

526 4161 690 4231 Lascivae
712 4162 853 4231 similem
874 4162 991 4230 ludere
1013 4183 1167 4253 capreae;

484 4315 531 4384 'le
552 4316 649 4384 lunae
669 4337 773 4407 prope
793 4317 935 4384 nobilem

527 4427 656 4497 'fonsae
678 4427 864 4509 Luceriam,
886 4451 952 4495 non
975 4427 1126 4496 citharae
1149 4427 1269 4498 decent

484 4539 556 4608 Nec
574 4540 636 4608 floe
657 4563 844 4629 purpureus
867 4562 964 4609 rosae

527 4651 599 4719 Neo
622 4652 694 4740 poti
717 4653 864 4722 vetulam
885 4654 978 4721 faece
1001 4661 1098 4721 tenus
1122 4651 1204 4720 cadi
1338 4733 1344 4740 ¹
