3526 5468
459 671 564 740 Terra
584 674 732 764 marique
755 673 864 744 victus
885 675 992 744 hostis
1013 677 1132 765 punico

502 785 660 873 Lugubre
683 786 828 856 mutavit
849 811 974 874 sagum.

460 895 532 964 Aut
554 897 610 964 illc
634 905 765 966 ‹eontum
787 899 931 967 nobilem
952 897 1086 968 Oretum
1108 901 1252 982 urbibus,

502 1009 622 1078 Ventis
644 1010 753 1078 iturus
774 1035 840 1079 non
861 1012 939 1094 auio,

459 1121 674 1190 Exercitates
695 1128 756 1190 aut
777 1123 865 1211 petit
887 1122 1006 1212 Syrtes
1027 1130 1116 1206 noto,

501 1233 574 1301 Aut
595 1234 705 1302 fertur
725 1235 852 1304 incerto
875 1235 971 1302 mari:

460 1343 657 1434 capaciores
680 1347 775 1414 adfer
794 1346 867 1427 huo,
889 1368 979 1436 puer,
1001 1347 1144 1437 scyphos

500 1457 547 1524 Et
568 1456 654 1525 Chia
675 1458 756 1525 vina
777 1464 837 1526 aut
857 1457 988 1541 Lesbia,

458 1569 522 1637 Vel
545 1570 633 1659 quod
653 1571 811 1638 fluentem
832 1593 991 1639 nauseam
1014 1571 1188 1640 coherceat

500 1681 622 1750 Metire
645 1682 739 1750 nobis
759 1681 971 1777 tcaeeubun.

459 1793 581 1862 Curam
602 1800 789 1886 motumque
813 1793 967 1864 Caesaris
989 1817 1098 1866 rerum
1119 1795 1215 1867 iuvat

500 1906 600 1978 Dulci
622 1907 738 1996 Lyaeo
760 1907 899 1975 solvere.

826 2446 872 2520 X.

458 2608 549 2675 Mala
570 2609 680 2677 soluta
702 2609 796 2676 navis
819 2609 890 2676 exit
911 2609 1001 2691 alite,

500 2719 626 2788 Ferene
648 2720 792 2789 olentem
813 2720 988 2789 Maevium.

458 2832 506 2900 Vt
526 2833 670 2902 horridis
692 2841 868 2923 utrumque
890 2834 1046 2903 verberes
1068 2835 1165 2916 latus,

499 2944 635 3026 Auctor,
657 2951 820 3014 memento
843 2945 1007 3014 fluctibus.

457 3057 563 3144 Niger
581 3057 740 3126 rudentes
763 3057 874 3126 Eurus
896 3058 1028 3126 inverso
1049 3059 1132 3126 mari

500 3169 706 3261 Phaetosque
726 3191 834 3238 remos
858 3169 1008 3254 differet;

455 3283 614 3368 Insurgat
635 3280 768 3372 Aquilo,
791 3288 935 3373 quantus
958 3281 1038 3350 altio
1060 3283 1227 3350 montibus

498 3393 641 3482 Frangit
662 3400 845 3462 trementes
866 3394 969 3464 ilices.

456 3505 527 3575 Nec
547 3507 639 3576 eidus
661 3511 736 3576 atre
757 3512 855 3576 nocte
878 3507 1018 3575 amicum
1040 3507 1212 3597 adpareat

499 3618 574 3700 Qua
595 3617 705 3687 tristia
727 3618 830 3686 Orion
850 3619 955 3704 cadit5

456 3728 628 3812 Quietiore
649 3752 710 3799 nec
731 3730 861 3799 feratur
883 3752 1026 3822 aequore

498 3841 604 3925 Quam
627 3841 732 3912 Graia
753 3843 917 3912 victorum
937 3866 1060 3926 manus,

456 3953 538 4023 Cum
559 3955 671 4023 Pallas
693 3960 769 4023 usto
791 3955 897 4023 vertit
918 3955 1001 4023 iram
1022 3956 1064 4023 ab
1086 3955 1150 4024 Ilio

497 4067 536 4134 In
558 4066 682 4156 inpiam
703 4065 819 4135 Aiacis
840 4075 957 4134 ratem.

456 4177 483 4244 Ο
506 4184 651 4269 quantus
672 4179 779 4247 instat
797 4179 922 4247 navitis
944 4179 1045 4247 sudor
1066 4179 1135 4246 tuis

497 4291 637 4381 hibique
660 4291 768 4380 pallor
788 4289 900 4358 lutcus

454 4401 502 4470 Et
519 4403 578 4471 illa
598 4425 662 4470 non
685 4401 793 4470 virilis
814 4402 983 4482 heiulatio,

496 4515 617 4583 hocas
640 4520 675 4583 et
697 4536 849 4582 aversum
871 4514 913 4582 ad
934 4515 1057 4594 Iovem,

453 4626 567 4695 Ionius
588 4627 654 4695 udo
677 4649 749 4696 oum
771 4627 959 4714 remugiens
981 4626 1073 4694 sinus

496 4737 587 4807 Noto
610 4737 755 4807 cannam
775 4737 914 4830 ruperit.
