3566 5460
371 4805 405 4859 20

937 451 1141 514 CARMINVM

626 636 764 725 '‘Teque,
785 636 862 703 dum
883 636 1042 724 procedit,
1066 633 1113 704 ‘io
1135 632 1330 726 triumphei'

626 748 703 816 Non
725 748 827 816 semel
850 747 1004 830 dicemus,
1027 744 1074 816 ‘io
1093 743 1289 836 triumphe!‘

627 859 758 928 Civitas
782 861 887 928 omnis
909 859 1125 951 dabimusque
1147 861 1235 929 divis

669 972 760 1040 'l'ura
780 972 942 1060 benignis.

626 1135 674 1205 Te
697 1135 810 1204 decem
830 1136 923 1203 tauri
943 1136 1149 1226 totidemque
1172 1159 1300 1218 vescae,

626 1249 681 1317 Me
701 1255 798 1318 tener
819 1249 929 1316 solvet
949 1248 1084 1328 vitulus,
1106 1248 1226 1316 relicta

626 1361 738 1428 Matre
762 1360 819 1450 qui
838 1361 944 1446 largis
966 1360 1153 1430 iuvenescit
1173 1361 1286 1429 herbis

668 1473 710 1540 In
731 1493 805 1540 mea
826 1477 915 1552 vote,

626 1635 752 1704 Fronte
776 1640 933 1704 curvatos
954 1636 1108 1705 imitatus
1129 1637 1224 1724 ignes

626 1748 777 1816 Tertium
799 1749 898 1816 lunae
922 1748 1101 1818 referentis
1123 1754 1240 1831 ortum,

628 1858 703 1942 Qua
724 1865 838 1928 netem
861 1858 966 1942 duxit,
986 1860 1104 1929 niveus
1126 1861 1241 1942 videri,

671 1971 793 2041 Cetera
815 1971 937 2040 fulvus.

1005 2335 1075 2409 ΙΙΙ.

629 2488 735 2572 Quem
755 2495 803 2570 tu,
824 2488 1039 2577 Melpomene,
1061 2490 1163 2558 semel

671 2600 872 2669 Nascentem
894 2600 1024 2690 placido
1046 2601 1169 2668 lumine
1191 2602 1324 2684 videris,

627 2714 726 2782 Hlum
747 2736 812 2781 non
833 2712 929 2780 labor
949 2713 1110 2782 Isthmius

672 2823 823 2894 Olarabit
843 2825 999 2915 pugilem,
1020 2849 1084 2893 non
1107 2847 1212 2916 equus
1233 2825 1365 2916 inpiger

629 2979 737 3048 Curru
758 2978 858 3048 ducet
878 2977 1025 3048 Achaiae

670 3092 848 3174 Victorem,
871 3114 976 3183 neque
997 3113 1052 3160 res
1073 3091 1192 3161 belliaa
1212 3093 1321 3161 Deliis

628 3203 791 3273 Ornatum
812 3203 902 3272 foliis
924 3204 1047 3286 ducem,
1293 3285 1295 3290 ,

671 3316 768 3400 Quod
789 3339 905 3405 regum
926 3316 1072 3386 tumidas
1096 3316 1285 3385 contuderit
1304 3318 1421 3398 minas,

629 3471 794 3541 Ostendet
815 3469 997 3561 capitolia

671 3582 738 3652 Sed
759 3605 844 3673 quae
866 3583 970 3651 Tibur
990 3606 1096 3674 equae
1117 3584 1230 3652 fertile
1250 3586 1441 3673 praefluunt

627 3695 675 3763 Et
694 3695 821 3784 spissae
842 3717 1011 3764 nemorum
1034 3718 1145 3765 comae

670 3808 818 3895 Fingent
838 3806 957 3876 Aeolio
980 3807 1124 3876 carmine
1146 3808 1297 3878 nobilem.

627 3964 753 4032 Romae
767 3962 935 4052 principis
957 3964 1087 4031 urbium

672 4076 841 4162 Dignatur
863 4075 994 4143 suboles
1017 4075 1107 4143 inter
1127 4076 1287 4144 amabiles

630 4186 756 4255 Vatum
775 4208 899 4276 ponere
921 4210 973 4255 me
996 4188 1120 4270 ahares,

669 4296 804 4365 Etiam
826 4297 925 4367 dente
946 4299 1054 4368 minus
1076 4299 1228 4368 mordeor
1250 4299 1373 4368 invido.

628 4451 656 4518 Ο
679 4451 860 4520 testudinis
883 4474 1003 4521 aureae

671 4563 809 4631 Duleem
832 4587 915 4654 qnae
938 4566 1123 4655 strepitum,
1145 4565 1244 4648 Pieri,
1267 4572 1441 4656 temperas,

628 4675 780 4744 Omutis
802 4699 929 4767 quoque
951 4676 1097 4766 piscibus
1358 4687 1363 4700 ’
1441 4659 1444 4663 ’

669 4788 843 4856 Donatura
864 4788 968 4878 eyeni,
990 4789 1020 4858 si
1040 4789 1154 4872 libeat,
1175 4814 1296 4872 sonum,
