3566 5460
814 785 856 860 V.

447 937 599 1004 Nondum
622 940 760 1006 strbucta
782 939 870 1006 ferre
893 940 1007 1028 iugum
1034 943 1127 1010 valet

447 1047 594 1128 Corsiae,
619 1050 763 1116 nondum
786 1053 899 1118 munia
921 1055 1073 1141 conparis

489 1157 645 1249 Aequore
667 1185 728 1228 nec
749 1163 841 1229 tauri
863 1164 991 1230 mentis

532 1271 572 1337 In
595 1293 750 1340 venerem
771 1274 916 1343 tolerare
938 1276 1075 1365 pondus.

448 1461 543 1528 Circa
567 1463 715 1528 virentes
739 1471 791 1530 cst
813 1465 940 1530 animus
962 1471 1040 1533 tuae

448 1571 589 1661 Campos
611 1575 779 1656 iuvencae,
804 1600 890 1643 nunc
912 1577 1024 1644 fluviis
1043 1601 1181 1664 gravem

490 1684 637 1752 Solantis
658 1693 795 1767 aestum,
818 1688 957 1754 nuncin
978 1688 1042 1755 udo

532 1795 663 1864 Ludere
688 1799 759 1865 cum
781 1798 899 1865 vitulis
922 1799 1040 1866 salicto

447 1983 721 2072 Praegestientis.
765 1987 859 2053 Tolle
882 1988 1068 2076 cupidinem

448 2097 579 2164 Immitis
601 2120 703 2165 uvae:
724 2099 791 2164 iam
812 2098 877 2165 tibi
899 2099 1019 2168 lividos

490 2210 687 2297 Distinguet
711 2217 889 2278 autumnus
910 2233 1057 2280 racemos

533 2321 704 2412 Purpureo
726 2323 839 2389 varios
861 2322 977 2390 colore.

447 2511 519 2578 Iam
541 2519 576 2577 te
599 2517 756 2600 sequetur
778 2509 896 2594 (currit
919 2513 1005 2578 enim
1027 2513 1121 2580 ferox

447 2624 561 2703 Aetas,
584 2629 620 2688 et
641 2623 700 2703 illi,
723 2622 810 2712 quod
831 2623 895 2688 tibi
919 2623 1085 2704 demserit,

489 2733 648 2823 Adponet
668 2733 795 2818 annus),
816 2735 884 2802 iam
907 2742 1066 2824 proterva

532 2844 656 2912 monte
679 2852 774 2934 petet
795 2845 924 2934 Lalage
946 2846 1111 2927 maritum,

447 3035 588 3116 Dilecta,
609 3042 768 3125 quantum
790 3060 854 3102 non
876 3034 1002 3102 Pholoe
1023 3037 1136 3122 fugax,

448 3147 521 3216 Non
544 3145 684 3226 Chloris,
708 3147 783 3214 albo
806 3146 853 3213 sic
875 3169 987 3214 umero
1010 3147 1129 3228 nitens,

489 3260 538 3326 Vt
559 3282 643 3348 pura
665 3265 825 3326 nocturno
848 3258 981 3325 renidet

533 3371 630 3438 Luna
650 3371 735 3437 mari
759 3368 938 3437 Cnidiusve
962 3369 1087 3459 Gyges,

449 3559 553 3642 Quem
573 3561 602 3626 si
622 3559 806 3648 puellarum
828 3559 993 3626 insereres
1016 3560 1123 3641 choro,

448 3671 533 3739 Mire
556 3693 694 3758 sagaces
716 3671 851 3738 falleret
873 3671 1022 3759 hospites

491 3783 679 3850 Discrimon
702 3784 875 3850 obscurum
897 3783 1016 3850 solutis

535 3895 691 3962 Crinibus
714 3895 933 3983 ambiguoque
956 3895 1060 3962 voltu.

734 4125 939 4138 nn-——ud

805 4289 870 4366 VI.

449 4443 597 4535 Septimi,
622 4441 735 4511 Gades
757 4439 890 4511 aditure
912 4465 1038 4512 mecum
1060 4447 1095 4511 et

450 4556 654 4624 Cantabrum
675 4555 844 4622 indoctum
866 4553 946 4642 iuga
967 4556 1055 4622 ferre
1076 4561 1192 4622 nostra
1214 4557 1250 4621 et

449 4667 619 4736 Barbarae
642 4666 770 4756 Syrtes,
792 4665 849 4734 ubi
871 4661 992 4735 Maura
1014 4687 1144 4755 semper

489 4779 640 4847 Aestuat
660 4779 759 4860 unda,

1260 4875 1296 4934 3*
