3562 5456
862 433 1067 495 CARMINVM

603 616 761 684 Liberum
783 623 819 684 et
839 616 953 686 Musas
974 617 1202 708 Veneremque
1226 624 1262 686 et
1283 618 1333 685 illi

603 728 739 819 Semper
761 729 954 797 haerentem
975 753 1114 819 puerum
1136 732 1277 798 canebat

601 841 649 908 Et
669 843 797 931 Lycum
819 842 924 928 nigris
947 843 1050 911 oeulis
1071 843 1231 932 nigroque

646 952 745 1021 Crine
766 953 928 1022 decorum.

601 1125 629 1192 Ο
653 1127 752 1196 decus
775 1126 900 1194 Phoebi
922 1133 958 1194 et
981 1126 1121 1216 dapibus
1145 1129 1291 1216 supremi

602 1237 710 1308 Grata
730 1239 864 1308 testudo
886 1239 986 1320 Iovis,
1008 1239 1198 1308 claborum

601 1350 707 1418 Dulce
729 1351 871 1418 lenimen
893 1352 1127 1442 medicumque,
1150 1351 1243 1421 salve

643 1461 724 1531 Rite
747 1463 897 1532 vocanti!

871 1843 1052 1920 XXXIII.

598 1996 687 2080 Albi,
709 2021 751 2066 ne
775 1998 889 2067 doleas
909 1999 984 2088 plus
1005 1999 1106 2067 nimio
1128 2022 1251 2067 memor

597 2111 730 2179 Inmitis
753 2110 920 2200 Glycerae
942 2133 1006 2179 neu
1027 2111 1234 2180 miserabiles

597 2223 767 2291 Decautes
790 2223 910 2310 elegos,
932 2246 991 2291 our
1009 2224 1072 2292 tibi
1094 2225 1203 2292 iunior

641 2334 751 2403 Laesa
772 2337 965 2424 praeniteat
985 2336 1059 2404 fide.

544 2549 549 2564 ·
596 2506 766 2594 Insignem
787 2509 881 2575 tenui
901 2509 1012 2576 fronte
1037 2507 1206 2597 Lycorida

597 2617 680 2707 Cyri
701 2624 810 2686 torret
831 2644 931 2702 amor,
955 2619 1065 2710 Cyrus
1086 2620 1121 2686 in
1144 2643 1295 2710 asperam

595 2731 752 2800 Dcolinat
774 2730 938 2800 Pholoen:
962 2732 1020 2801 sed
1041 2733 1134 2823 prius
1154 2733 1276 2822 Apulis

638 2843 824 2931 Iungentur
846 2867 986 2934 capreae
1008 2845 1103 2934 lupia,

597 3017 704 3099 Quam
724 3018 816 3104 turpi
837 3018 962 3087 Pholoe
984 3022 1100 3107 peccet
1122 3018 1282 3084 adultero.

595 3127 650 3197 Sic
671 3130 779 3198 visum
800 3130 934 3214 Veneri,
956 3131 1009 3199 oui
1030 3131 1143 3219 placet
1163 3129 1296 3219 inpares

595 3240 733 3311 Formas
754 3249 856 3333 atque
879 3243 1005 3311 animos
1027 3245 1086 3310 sub
1109 3243 1189 3330 iuga
1211 3244 1339 3312 ahenea

637 3352 745 3423 Saevo
767 3355 902 3422 mittere
926 3379 998 3424 cum
1018 3355 1098 3423 ioco.

594 3525 706 3614 Ipsum
728 3550 780 3594 me
801 3528 919 3594 melior
941 3551 1013 3595 oum
1035 3532 1170 3616 peteret
1189 3527 1310 3609 Venus,

595 3639 703 3708 Grata
723 3639 869 3707 detinuit
892 3640 1047 3729 compede
1068 3638 1218 3727 Myrtale

593 3751 777 3832 Libertina,
799 3751 896 3820 fretis
918 3752 1026 3820 aerior
1047 3750 1196 3819 Hadriae

637 3863 818 3934 Cur'vantis
839 3863 1000 3932 Calabros
1022 3865 1122 3932 sinus.

852 4243 1055 4320 XXXIIII.

589 4400 715 4468 Parcus
738 4400 874 4467 deornm
895 4399 1004 4466 cultor
1023 4405 1059 4466 et
1079 4399 1278 4488 infrequens,

588 4512 793 4580 Insanientis
816 4513 893 4579 dum
916 4510 1102 4600 sapientiae

633 4625 812 4693 Consultus
834 4648 917 4706 erro,
940 4648 1025 4692 nuuc
1047 4629 1230 4690 retrorsum

672 4737 759 4806 Vela
779 4738 860 4806 dare
883 4745 982 4827 atque
1004 4736 1129 4803 iterare
1152 4758 1266 4803 cursus
