3566 5460
774 491 891 552 LlBl'llt
908 495 929 553 Ι.

335 666 429 756 [Quis
450 671 593 740 Martem
611 675 725 742 tunioa
746 681 872 743 tectum
895 678 1109 747 adamantina

334 781 445 868 Digne
470 783 643 872 scripserit
666 793 726 853 aut
746 788 885 875 pulvere
907 789 1024 858 Troioo

334 893 476 981 Nigrum
498 896 667 964 Merionen
692 905 753 966 aut
775 921 836 988 ope
856 900 1003 969 Palladis

376 1007 531 1096 Tydiden
553 1010 683 1099 superis
704 1010 854 1100 peremi]

333 1161 404 1230 Nos
425 1163 586 1246 convivis,
606 1189 666 1232 nos
688 1166 816 1255 proelia
836 1168 1003 1256 virginum

334 1273 443 1342 Seotis
466 1275 500 1342 in
522 1275 659 1346 iuvenes
681 1279 847 1364 unguibus
870 1281 995 1349 aerium

334 1385 529 1468 Cantemus,
552 1389 661 1470 vanui,
684 1391 755 1458 sive
778 1392 857 1481 quid
880 1393 1013 1474 urimur,

376 1499 451 1567 Non
475 1507 610 1590 praeter
632 1503 768 1570 solitum
788 1504 890 1572 leves.

802 1866 887 1942 VII.

333 2018 535 2086 Laudabunt
555 2019 614 2087 alii
637 2020 760 2087 alaram
780 2019 922 2087 Rhodon
945 2029 1005 2088 aut
1027 2022 1215 2110 Mytilenen

375 2131 449 2199 Aut
470 2131 625 2220 Epheson
648 2133 828 2200 bimarisve
852 2130 1004 2200 Corinthi

332 2243 465 2311 Moenia
486 2245 541 2311 vel
563 2245 695 2312 Baoeho
715 2245 847 2312 Thebas
870 2246 924 2312 vel
946 2243 1102 2334 Apolline
1126 2247 1274 2336 Delphos

376 2355 529 2444 Insignos
551 2363 611 2424 aut
633 2356 796 2424 Thessala
817 2357 949 2445 Tempe.

333 2509 419 2578 Sunt
441 2512 559 2600 quibus
584 2535 683 2579 unum
710 2535 793 2601 opus
822 2519 875 2580 est
901 2513 1051 2580 intectae
1073 2513 1223 2581 Palladis
1246 2515 1360 2580 urbem
1497 2531 1513 2582 5

376 2622 528 2690 Carmine
548 2631 709 2712 perpetuo
732 2625 898 2692 celebrare
923 2627 976 2692 *et

332 2735 486 2826 Vndique
509 2735 698 2824 decerptam
719 2737 822 2802 fronti
843 2759 1048 2825 praeponere
1071 2738 1201 2805 olivam.

375 2848 540 2916 Plurimus
562 2849 597 2915 in
619 2849 754 2916 Iunonis
777 2850 900 2916 honore

332 3004 461 3092 Aptum
483 3005 572 3072 dioet
595 3005 686 3094 equis
709 3003 821 3092 Argos
844 3004 997 3094 ditesque
1019 3005 1186 3094 Mycenas.

376 3115 431 3183 Me
453 3139 513 3185 neo
533 3123 602 3184 tam
624 3116 756 3206 patiens
778 3115 1008 3184 Laoedaemon

332 3227 405 3296 Neo
425 3233 493 3296 tam
517 3229 674 3296 Larissae
696 3229 862 3318 percussit
882 3253 1016 3318 campus
1039 3230 1167 3318 opimae

377 3340 481 3423 Quam
506 3341 620 3408 domus
642 3340 814 3409 Albuneae
835 3342 1022 3408 resonantis

332 3495 381 3562 Et
402 3519 561 3585 praeceps
584 3495 672 3563 Anio
696 3520 735 3564 ao
756 3496 894 3563 Tiburni
917 3497 1010 3564 luous
1032 3503 1067 3564 et
1088 3497 1154 3563 uda

375 3607 552 3676 Mobilibus
575 3609 724 3697 pomaria
745 3608 836 3676 rivis.

333 3721 440 3788 Albus
461 3730 501 3788 ut
522 3722 660 3789 obscuro
682 3721 837 3807 deterget
859 3721 972 3787 nubila
994 3722 1085 3788 eaelo

376 3831 482 3922 Saepe
504 3833 614 3900 Notus
636 3855 740 3922 neque
760 3833 909 3922 parturit
930 3833 1052 3900 imbres

332 3989 509 4076 Perpetuo,
530 3989 577 4056 sie
600 3997 638 4056 tu
659 3989 792 4077 sapiens
813 3990 909 4055 finire
931 3995 1095 4056 memento

376 4101 564 4169 Tristitiam
587 4101 741 4190 vitaeque
762 4100 894 4168 labores

331 4212 435 4294 Molli,
458 4212 588 4294 Plance,
610 4235 708 4292 mero,
733 4235 791 4280 seu
812 4219 847 4279 te
869 4212 1035 4298 fulgentia
1057 4213 1162 4299 signis

376 4324 498 4392 Castra
518 4331 637 4392 tenent
658 4347 717 4392 seu
740 4325 843 4392 densa
864 4324 993 4390 tenebit

330 4479 464 4546 Tiburis
487 4480 603 4546 umbra
624 4479 683 4546 tui.
727 4480 853 4546 Teueer
876 4479 1043 4546 Salamina
1067 4487 1261 4569 patremque

376 4591 458 4658 Cum
480 4593 622 4678 fugeret,
645 4599 755 4658 tamen
779 4591 845 4658 uda
866 4591 981 4680 Lyaeo

329 4703 496 4792 Tempora
517 4704 659 4792 populea
678 4704 786 4770 fertur
807 4703 955 4770 vinxisse
980 4727 1109 4784 corona,

374 4813 430 4882 Sio
450 4815 568 4883 tristes
590 4815 723 4882 adfatus
746 4815 883 4882 amieos:
