3566 5460
819 443 936 505 LIBER
956 445 978 504 Ι.

511 629 620 717 Cogor
639 629 792 698 relictos:
814 649 954 719 namque
976 628 1156 718 Diespiter,

509 741 586 830 Igni
608 765 743 810 corusco
765 740 880 808 nubila
903 740 1055 809 dividms

552 853 758 943 Plerumque,
780 875 841 942 per
863 875 981 942 purum
1002 858 1160 921 tonantes

594 965 679 1052 Egit
701 988 803 1055 equos
824 965 1056 1056 volucremque
1078 988 1222 1050 carmin,

509 1121 582 1206 Quo
603 1122 704 1189 bruta
725 1120 827 1189 tellus
846 1127 882 1188 et
906 1143 997 1208 vaga
1016 1122 1160 1203 flumina,

510 1233 583 1318 Quo
607 1232 695 1322 Styx
718 1239 754 1301 et
775 1233 876 1301 invisi
897 1231 1033 1300 horrida
1055 1233 1201 1302 Taenari

552 1344 656 1414 Sedes
677 1345 925 1435 Atlanteusque
947 1345 1022 1413 finis

595 1457 800 1527 Concutitur.
844 1457 948 1526 Valet
968 1457 1036 1525 ima
1056 1458 1190 1526 summis

508 1614 641 1682 Mutare
663 1621 700 1682 et
720 1613 884 1701 insignem
906 1619 1063 1682 attenuat
1084 1613 1174 1695 deus,

510 1726 659 1819 Obscum
678 1747 849 1816 promens;
870 1725 948 1793 hinc
969 1726 1097 1815 apicem
1118 1748 1225 1816 rapax

551 1839 797 1907 Fortunarum
818 1837 962 1906 stridore
985 1843 1083 1906 acuto

595 1949 748 2032 Sustulit,
769 1950 824 2018 hic
844 1951 994 2040 posuisse
1017 1949 1151 2038 gaudet.

797 2167 1000 2179 ——nu—

824 2313 978 2389 XXXV.

510 2468 538 2535 Ο
562 2469 649 2551 diva,
672 2473 805 2556 gratnm
828 2490 912 2558 quae
933 2468 1023 2554 regis
1044 2465 1192 2550 Antium,

509 2581 673 2649 Praesens
694 2581 750 2649 vel
771 2581 837 2649 imo
858 2579 978 2649 tollere
1000 2579 1041 2648 de
1063 2579 1169 2667 gradu

551 2693 697 2762 Mortale
720 2715 838 2782 corpus
860 2693 915 2762 vel
937 2693 1097 2782 superbos

594 2805 738 2874 Vertere
761 2805 932 2883 fimeribus
952 2804 1145 2894 triumphos,

509 2960 557 3029 'l'e
578 2983 706 3051 pauper
725 2961 830 3029 ambit
851 2959 995 3028 sollicita
1016 2981 1113 3049 prece

509 3073 612 3142 Ruris
634 3073 776 3155 colonus,
798 3079 833 3141 te
857 3071 1021 3140 dominam
1044 3071 1206 3161 aequoris,

553 3185 756 3276 Quicumque
778 3184 930 3276 Bithyna
951 3185 1088 3253 lacessit

595 3296 815 3388 Carpathium
837 3297 976 3388 pelagus
1000 3297 1119 3366 carina

509 3453 557 3522 Te
578 3454 690 3522 Dacus
712 3475 818 3543 asper,
840 3459 876 3521 te
895 3453 1030 3543 profugi
1051 3451 1198 3542 Scythae

509 3566 681 3656 Vrbesque
703 3571 885 3656 gentesque
907 3570 943 3632 et
965 3564 1101 3632 Latium
1123 3566 1217 3633 ferox

552 3677 747 3768 Regumque
771 3683 897 3746 matres
917 3678 1132 3746 barbarorum
1154 3684 1190 3745 et

594 3789 759 3880 Purpurei
780 3796 933 3891 metuunt
954 3789 1101 3880 manni,

509 3945 674 4014 iniurioso
695 3967 737 4013 ne
756 3944 841 4034 pede
861 3967 1001 4036 promas

509 4057 662 4127 Stantem
684 4057 875 4140 columnam,
897 4079 962 4126 nen
982 4056 1123 4147 populus
1144 4057 1299 4148 frequens

551 4169 608 4238 Ad
629 4194 722 4238 arma
744 4175 922 4251 cessantes,
944 4168 988 4236 od
1009 4190 1103 4237 arma

595 4282 750 4352 Concitet
769 4280 1008 4372 imperiumque
1029 4282 1174 4369 frangat

509 4447 557 4515 Te
578 4469 709 4536 semper
730 4446 820 4515 antit
840 4469 940 4515 serva
959 4444 1161 4527 Necessitas,

511 4559 633 4628 Clavus
654 4559 803 4628 trabales
828 4564 864 4627 et
886 4581 1006 4626 cuneos
1026 4581 1127 4626 mauu

553 4671 698 4740 Gestans
720 4671 836 4754 ahena,
858 4693 919 4738 nec
940 4693 1077 4738 severus

449 4821 452 4830 .
593 4783 707 4852 Vucus
728 4785 825 4852 abest
845 4781 1069 4874 liquidumque
1091 4783 1266 4874 plumbum.
