3566 5460
923 467 1127 530 CARMINVM

993 755 1060 830 XI.

613 910 766 990 Mercuri,
789 935 865 976 nam
885 917 920 977 te
944 911 1061 977 docilis
1081 911 1242 998 magistro

613 1021 722 1089 Movit
742 1021 909 1110 Amphion
930 1022 1061 1110 lapides
1083 1022 1240 1102 canendo,

614 1133 729 1223 Tuque
752 1133 887 1200 testudo
909 1155 1065 1202 resonare
1088 1140 1216 1224 septem

658 1243 790 1312 Callida
812 1247 932 1326 nervis,

613 1417 684 1485 Nec
706 1417 827 1507 loquax
851 1417 928 1484 olim
950 1438 1055 1507 neque
1078 1424 1191 1504 grata,
1216 1421 1360 1483 nuncet

612 1529 767 1596 Divitum
789 1529 911 1596 mensis
934 1535 969 1596 et
991 1529 1097 1597 amica
1119 1527 1261 1617 templis,

611 1641 676 1708 Dic
698 1641 820 1721 modos,
842 1640 940 1728 Lyde
962 1641 1081 1731 quibus
1105 1641 1292 1708 obstinatas

655 1751 815 1841 Adplicet
835 1773 948 1836 aures;

613 1921 706 2005 Quae
730 1924 824 1990 velut
845 1924 924 1990 latis
946 1946 1033 2013 equa
1053 1923 1155 1990 trima
1175 1925 1299 2013 campis

613 2034 719 2102 Ludit
742 2035 899 2102 exsultim
919 2036 1104 2126 metuitque
1126 2038 1229 2123 tangi,

612 2146 815 2235 Nuptiarum
837 2169 957 2236 expers
979 2154 1014 2214 et
1034 2147 1142 2215 adhuc
1163 2154 1322 2237 protervo

656 2257 769 2326 Cruda
791 2259 922 2326 merito.

613 2429 664 2496 'Pu
685 2437 782 2519 potes
803 2432 911 2518 tigres
934 2431 1134 2522 comitesque
1156 2432 1259 2500 silvas

613 2541 743 2609 Ducere
767 2548 803 2609 et
822 2541 913 2610 rivos
936 2543 1061 2610 celeres
1082 2543 1220 2629 morari;

613 2651 724 2722 Cessit
746 2653 896 2721 Immanis
917 2655 982 2721 tibi
1002 2655 1188 2722 blandienti

654 2765 784 2832 Ianitor
805 2765 902 2833 aulae

613 2933 798 3021 [Cerberus
821 2937 971 3027 quamvis
992 2937 1113 3005 fmiale
1136 2945 1269 3008 centum

611 3045 765 3115 Muniaut
786 3070 913 3135 angues
936 3056 1036 3150 caput
1058 3049 1129 3117 eius
1152 3056 1254 3141 atque

613 3157 760 3248 Spiritus
781 3165 893 3227 taeter
915 3161 1091 3252 saniesque
1113 3169 1226 3230 manet

656 3269 721 3338 Orc
744 3271 919 3359 trilingui]

615 3440 703 3524 Quin
726 3448 762 3509 et
783 3442 880 3511 Ixion
901 3443 1086 3534 Tityosque
1107 3444 1202 3512 voltu

611 3551 704 3620 Risit
724 3554 839 3636 invito,
868 3556 968 3624 stetit
989 3577 1074 3624 urna
1094 3557 1230 3646 paulum

612 3661 716 3746 Sicco,
742 3665 820 3734 dum
841 3673 938 3754 grato
961 3665 1072 3736 Danai
1094 3667 1224 3757 puellas

656 3775 810 3846 Carmine
832 3779 965 3847 mulces.

613 3949 742 4018 Audiat
761 3949 860 4039 Lyde
880 3951 988 4020 scelus
1010 3957 1110 4041 atque
1133 3959 1230 4020 notas

612 4059 789 4148 VIrginum
810 4085 935 4151 poenas
957 4069 993 4130 et
1013 4064 1111 4131 inane
1132 4064 1290 4154 lymphae

611 4169 746 4240 Delium
769 4173 870 4241 lando
893 4175 1064 4263 pereuntis
1086 4176 1151 4242 imo

655 4282 803 4375 Seraque
825 4287 905 4366 fata

613 4453 705 4538 Quae
727 4462 864 4524 manent
886 4457 999 4545 culpas
1022 4457 1122 4525 etiam
1144 4459 1205 4525 snb
1226 4457 1318 4525 Orco.

611 4566 737 4655 Inpiae,
759 4567 847 4652 (nam
869 4567 950 4658 quid
971 4575 1110 4658 potuere
1132 4569 1275 4655 mainel)

611 4677 729 4767 Inpiee
750 4703 888 4768 sponsos
909 4665 1047 4769 potuere
1070 4680 1152 4748 duro

653 4787 800 4858 Perdere
823 4791 921 4859 ferro.
