3566 5460
790 489 907 550 LIBER
925 489 961 550 II.

810 807 938 884 XIIII.

482 963 579 1031 Eheu
598 963 748 1049 fugaces,
769 963 939 1042 Postume,
961 962 1129 1042 Postume,

483 1074 659 1143 Labuntur
681 1075 768 1156 anni,
791 1097 851 1142 nec
872 1075 984 1163 pietas
1006 1096 1131 1178 moram

525 1187 635 1272 Rugis
659 1192 695 1254 et
716 1186 858 1254 instanti
879 1191 1034 1254 senectae

569 1299 713 1366 Adferat
734 1295 978 1388 indomitaeque
999 1297 1115 1380 morti;

483 1486 568 1568 Non,
591 1487 620 1555 si
642 1487 795 1568 trecenis,
817 1492 981 1577 quotquot
1004 1491 1085 1553 eunt
1109 1485 1189 1565 dics,

483 1597 608 1680 Amice,
631 1600 744 1688 places
766 1598 1039 1667 inlacrimabilem

525 1710 670 1779 Plutone
688 1711 803 1790 tauris,
827 1711 883 1798 qui
905 1716 959 1777 ter
981 1708 1126 1798 amplum

570 1821 750 1911 Geryonen
773 1821 963 1911 Tityonque
987 1821 1081 1888 tristi

484 2009 664 2099 conpescit
683 2010 780 2091 unda
803 2011 932 2078 scilicet
955 2011 1113 2090 omnibus,

484 2114 689 2212 Qnioumqne
712 2128 823 2190 terrae
845 2145 980 2190 munere
1002 2123 1175 2202 vescimur,

526 2234 752 2320 Eneviganda,
775 2235 846 2302 sive
869 2257 967 2320 reges

570 2345 648 2413 Sive
669 2347 785 2436 inopes
808 2346 931 2414 erimus
954 2345 1068 2414 coloni

483 2534 625 2604 Frustra
645 2541 782 2602 cruento
805 2541 911 2602 marte
934 2533 1117 2602 carebimus

483 2647 677 2737 Fructisque
698 2647 791 2715 rauci
811 2647 967 2714 fluctibns
990 2645 1146 2726 Hadriae,

526 2757 669 2828 Frustra
690 2780 750 2847 per
770 2763 947 2826 autumnos
966 2761 1139 2825 nocentem

570 2867 770 2958 Corporibus
784 2877 976 2976 ¹metuemus
999 2873 1155 2937 austrum

484 3057 651 3126 Visendus
674 3064 756 3138 ater,
778 3059 913 3126 flumine
936 3057 1093 3142 languido

485 3167 630 3258 Cocytos
650 3191 766 3237 errans
788 3174 824 3236 ct
847 3170 959 3236 Danai
982 3190 1086 3255 genus

526 3283 651 3349 infame
675 3281 917 3371 damnatusque
941 3281 1032 3366 longi

570 3391 735 3482 Sisyphus
756 3391 916 3461 Aeolides
938 3392 1069 3460 laboris.

484 3580 681 3671 Linquenda
702 3581 805 3649 tellus
827 3587 862 3649 et
885 3581 1000 3648 domus
1023 3586 1058 3648 et
1079 3580 1215 3669 placens

483 3693 588 3774 onr,
611 3715 715 3781 neque
742 3693 871 3774 barum,
893 3717 976 3783 quas
999 3692 1091 3773 colis,
1114 3693 1268 3760 arborum

526 3804 573 3871 Te
595 3809 731 3894 praeter
752 3805 877 3872 invises
901 3826 1076 3894 cypressos

567 3915 647 3983 Vlla
667 3918 801 3986 brevem
824 3916 990 3984 dominum
1012 3921 1177 4007 sequetur.

485 4104 649 4172 Absumet
670 4105 766 4172 heres
787 4103 940 4172 Caecuba
962 4104 1094 4191 dignior

485 4213 628 4283 Servata
650 4223 781 4283 centmn
804 4215 952 4284 clavibus
974 4221 1009 4283 et
1028 4237 1118 4283 mero

526 4326 673 4414 'tinguet
693 4329 920 4416 pavimentum
942 4329 1093 4417 superbo,

569 4439 769 4507 Pontificum
790 4440 920 4529 potiore
943 4440 1042 4508 cenis.

770 4664 974 4678 Μ
