3526 5468
903 457 1106 520 CARMINVM

973 746 1039 821 XI.

637 899 702 966 Est
725 899 807 966 mihi
830 923 950 966 nonum
973 900 1164 988 superantis
1187 924 1310 969 annum

637 1011 761 1079 Plenus
782 1011 908 1079 Albani
930 1010 1045 1096 oadus;
1068 1019 1121 1080 est
1141 1013 1176 1080 in
1194 1014 1300 1094 horto,

637 1122 760 1212 Phylli,
781 1123 955 1191 nectendis
978 1125 1088 1214 apium
1110 1127 1255 1210 coronis,

679 1234 744 1302 Est
765 1234 908 1303 hederae
930 1236 982 1302 vis

637 1403 765 1496 [Multa
788 1431 855 1498 qua
877 1408 984 1476 crines
1006 1409 1153 1496 religata
1174 1410 1299 1498 fulges;

637 1519 742 1587 Ridet
763 1526 904 1607 argento
927 1521 1059 1606 domus;
1082 1545 1140 1588 ara
1162 1523 1264 1589 castis

637 1631 761 1700 Vinota
780 1633 933 1700 verbenis
956 1639 1037 1702 avet
1062 1635 1220 1702 inmolato

680 1743 841 1834 Spargier
863 1769 949 1832 agno
957 1743 976 1832 ;]

638 1914 767 1985 (hmota
788 1917 930 1986 festinat
951 1941 1075 2000 manus,
1097 1919 1162 1986 huo
1184 1926 1220 1986 et
1242 1919 1320 1986 illuc

638 2027 813 2097 Cursitant
831 2031 958 2098 mixtae
980 2031 1093 2119 pueris
1115 2032 1262 2120 puellae,

638 2139 815 2208 Sordidum
835 2142 988 2210 flammae
1007 2143 1179 2231 trepidant
1200 2149 1353 2211 rotantes

679 2253 816 2322 Vertioe
838 2254 971 2321 fumum.

636 2424 685 2492 Vt
705 2431 818 2494 tamen
839 2427 930 2493 noris
952 2426 1070 2516 quibus
1092 2427 1263 2495 advoceris

638 2536 788 2619 Gaudiis,
809 2537 885 2605 idus
906 2537 971 2605 tibi
993 2545 1072 2606 sunt
1091 2539 1251 2626 agendae,
1387 2630 1391 2636 Ι

637 2648 702 2731 Qui
724 2649 797 2717 dies
819 2671 964 2718 mensem
986 2650 1128 2719 Veneris
1150 2651 1299 2719 marinae

678 2760 795 2829 ram
816 2761 976 2851 Aprilem,

635 2933 713 3002 Iure
733 2933 901 3002 sollemnis
921 2933 1002 3001 mihi
1024 2935 1236 3027 sanctiorque

635 3045 747 3114 Paene
769 3047 877 3114 natali
896 3047 1040 3136 proprio,
1063 3047 1151 3138 quod
1170 3070 1211 3115 ex
1233 3049 1296 3115 hae
1430 3045 1434 3050 ’

635 3158 726 3226 Luce
748 3158 926 3229 Maecenas
948 3183 1040 3228 meus
1062 3160 1248 3230 adfluentes

681 3269 823 3339 Ordinat
845 3293 957 3340 annos.

637 3443 827 3532 Telephum,
845 3465 943 3534 quem
962 3449 1002 3510 tu
1023 3445 1120 3533 petis,
1143 3445 1320 3534 occupavit

636 3553 713 3622 Non
731 3563 810 3624 tuae
832 3557 933 3624 sortis
954 3557 1106 3624 iuvenem
1129 3557 1241 3646 puella

637 3666 742 3736 Dives
763 3673 799 3736 et
820 3668 948 3737 lasciva
968 3673 1127 3758 tenetque
1151 3673 1252 3756 grate

681 3777 846 3870 compede
868 3779 1024 3849 vinetum

636 3951 757 4021 Terret
779 3953 952 4021 ambustus
973 3952 1145 4021 Phaethon
1170 3977 1291 4023 avaras

637 4061 729 4153 Spes,
753 4071 788 4131 et
808 4064 992 4155 exemplum
1015 4087 1119 4152 grave
1141 4067 1279 4155 praebet
1302 4066 1373 4135 ales

636 4175 787 4263 Pegasus
808 4183 978 4256 terrenum
1001 4178 1146 4267 equitem
1168 4183 1330 4266 gravatus

679 4287 970 4377 Bellerophonten,

636 4457 774 4550 Semper
795 4467 834 4527 ut
855 4467 891 4528 te
914 4461 1018 4549 digna
1038 4483 1177 4552 sequare
1200 4470 1235 4532 et
1254 4463 1344 4532 ultra

638 4571 744 4654 Quam
765 4571 846 4640 lieet
868 4595 1003 4663 sperare
1026 4574 1121 4642 nefas
1143 4576 1291 4664 putando

637 4684 815 4774 Disparem
834 4685 932 4753 vites.
975 4683 1052 4774 Age
1073 4687 1148 4770 iam,
1170 4709 1316 4756 meorum

680 4796 774 4865 Finis
798 4819 954 4880 amorum,
